1784 3009
406 195 508 243 AD
534 195 877 246 AT'l‘ICUM.
912 196 1031 245 Lm.
1061 195 1204 244 XVI.
1240 199 1287 243 8.
1414 197 1510 244 249

181 324 333 379 benit,
369 332 426 373 ut
461 324 521 372 eit
549 325 674 373 unde
697 340 781 389 par
807 323 1282 390 parirespondeatur:
1323 321 1516 371 nfirifioe

181 387 305 435 enim
330 388 608 450 ὃυσ-χρηστια
629 399 701 437 est
723 399 908 453 propter
932 398 1112 437 metum
1133 386 1415 435 armorum.”
1457 386 1518 433 In

178 450 297 498 freto
316 451 473 499 medio
488 451 607 500 hanc
619 453 857 516 epistolam
870 454 981 517 legi,
997 461 1068 513 ut,
1082 452 1196 515 quid
1212 467 1394 527 possem
1415 464 1521 513 pro-

178 515 351 574 videre,
372 515 425 561 in
451 525 657 564 mentem
677 518 795 565 mihi
814 532 909 566 non
928 517 1118 575 veniret,
1141 516 1229 564 nim
1250 524 1303 563 ut
1323 527 1520 579 praeeens

181 594 257 626 me
276 579 378 644 ipse
397 579 701 629 defenderem.
735 581 826 630 Sed
841 582 941 630 haec
959 581 1180 630 hactenus
1199 598 1212 627 z
1247 580 1426 643 reliqua
1444 593 1521 626 oo-

184 658 300 690 ram·

246 707 451 755 Antonii
485 708 685 757 edictum
712 710 807 772 legi
835 727 864 756 a
882 711 1050 769 Bruto,
1078 718 1124 757 et
1149 710 1317 757 horum
1347 714 1521 766 eontra,

185 771 412 835 scriptum
435 773 667 835 praeclare.
702 774 794 823 Sed
814 774 929 837 quid
950 774 1035 822 ista
1056 774 1201 822 edicta
1220 773 1417 830 valeant,
1440 778 1523 818 aut

186 850 282 898 quo
310 844 532 899 spectent,
568 838 706 899 plane
739 853 832 886 non
861 838 1023 886 video:
1058 852 1143 885 nec
1173 853 1258 900 ego
1294 851 1417 887 nunc
1446 838 1525 899 (ut

185 900 366 948 Brutus
381 902 616 957 censebat)
628 901 746 950 istuc
765 902 825 949 ad
845 918 943 949 rem
955 903 1189 965 publicam
1204 900 1524 964 capessendam

189 963 339 1012 venio.
373 964 506 1022 Quid
527 965 649 1012 enim
680 966 780 1013 fieri
800 969 979 1040 potest?
1014 981 1129 1013 num
1150 965 1254 1029 quis
1277 964 1435 1012 Pisoni
1455 972 1524 1011 eet

189 1043 401 1075 assensus
420 1031 442 1075 Ρ
486 1042 602 1075 num
638 1029 773 1078 rediit
805 1045 903 1093 ipse
938 1030 1154 1094 postridie
1169 1033 1191 1078 Ρ
1240 1029 1332 1077 Sed
1368 1029 1525 1076 abesse

189 1091 311 1140 hanc
330 1100 514 1140 aetatem
541 1093 678 1155 longe
701 1109 732 1141 a
754 1094 961 1157 sepulcro
980 1102 1151 1157 negant
1180 1103 1399 1156 oportere.
1433 1091 1527 1140 Sed

192 1158 401 1219 (obsecro
423 1154 490 1217 te)
513 1156 628 1220 quid
648 1167 716 1205 est
735 1158 862 1222 quod
875 1159 1031 1206 audivi
1052 1159 1110 1206 de
1131 1159 1280 1205 Bruto
1298 1160 1320 1205 Ρ
1355 1157 1526 1204 Piliam

160 1224 478 1281 ,πειραζιοθαι
516 1231 778 1283 παραλυσει,
812 1231 859 1270 te
895 1223 1121 1286 scripsisse
1164 1221 1327 1268 aiebat.
1376 1219 1527 1267 Valde

191 1299 299 1331 sum
320 1292 612 1340 commotusg
647 1286 731 1333 etsi
757 1285 900 1345 idem,
930 1295 976 1333 te
1005 1286 1212 1342 scribere,
1230 1299 1408 1346 sperare
1428 1299 1528 1330 me-

191 1348 299 1395 lius.
342 1349 420 1396 Ita
447 1349 586 1422 plane
606 1350 760 1397 velim.
807 1350 1023 1411 Eitdieas
1041 1349 1292 1412 plurimam
1314 1348 1525 1405 salutem,

193 1421 241 1459 et
271 1412 555 1460 suavismmae
585 1414 763 1461 Attieoe.
812 1413 932 1461 Haec
962 1412 1121 1475 scripsi
1151 1411 1387 1474 navigem,
1421 1425 1529 1458 cum

195 1476 539 1542 Pompeianum
557 1478 831 1537 amedei-ein,
854 1477 983 1527 XIV
1008 1475 1251 1526 calendas,

479 1671 586 1730 (8.)
608 1670 875 1727 ,emmo
907 1668 1171 1720 A'1'r1co
1202 1671 1253 1720 s.

264 1795 393 1846 Cum
430 1798 588 1856 sciam,
632 1815 728 1863 quo
762 1799 837 1847 die
873 1809 1093 1847 venturus
1127 1799 1235 1859 sim,
1262 1797 1445 1858 faciam,
1480 1804 1536 1845 ut

197 1862 328 1910 adas.
363 1862 704 1924 Impedimenta
723 1864 1026 1927 exspectanda
1046 1872 1171 1924 sunt,
1195 1879 1301 1928 quae
1313 1862 1536 1926 Anagnia

198 1926 425 1982 veniuntz
449 1935 495 1973 et
513 1926 691 1975 familia
713 1943 834 1991 aegra
854 1937 936 1976 eet.
972 1927 1205 1988 Calendis,
1222 1927 1412 1992 vesperi,
1435 1927 1538 1975 lite-

200 2005 266 2037 rae
284 1989 404 2037 mihi
424 1992 484 2039 ab
499 1991 774 2065 petaviano.
818 1992 1000 2056 Magna
1031 1993 1232 2040 molitur.
1269 1994 1536 2050 Veteranoa,

118 2116 123 2121 ι
202 2054 368 2118 quiqui
405 2054 597 2102 Casilini
631 2064 678 2104 et
708 2053 900 2104 Calatiae
929 2064 1053 2115 sunt,
1074 2056 1291 2120 perduxit
1318 2057 1378 2104 ad
1406 2071 1539 2104 suam

203 2118 478 2166 sententiam
497 2136 512 2165 ι
556 2133 639 2168 nec
666 2120 868 2168 mii-uma
912 2122 1163 2185 quingenos
1199 2121 1405 2185 denarios
1440 2119 1535 2167 dat.

205 2180 394 2245 Coffitat
423 2183 623 2246 reliquas
655 2185 852 2233 colonias
883 2187 1025 2234 obire.
1075 2186 1220 2233 Plane
1241 2186 1329 2233 hoc
1349 2191 1538 2246 spectat,

204 2254 275 2305 ut,
297 2262 347 2295 se
369 2247 509 2305 duce,
522 2247 699 2296 bellum
718 2257 902 2312 geratur
917 2266 1024 2298 cum
1039 2249 1256 2297 Antonio.
1292 2249 1457 2309 Itaque
1472 2246 1541 2293 vi-

201 2310 290 2359 deo
310 2311 470 2374 paucis
503 2310 664 2359 diebus
694 2327 778 2360 nos
808 2314 858 2360 in
887 2315 1027 2362 armis
1056 2313 1165 2361 fore.
1208 2313 1364 2370 Quem
1386 2318 1543 2357 autem
1595 2350 1602 2361 ,

203 2389 454 2437 aequamur
469 2377 491 2422 Ρ
525 2375 648 2424 Vide
663 2391 829 2424 nomen
847 2394 861 2423 ε
899 2377 1002 2426 vide
1015 2386 1210 2425 aetatem.
1239 2378 1400 2435 Atque
1420 2388 1449 2419 a
1468 2387 1546 2420 me

207 2440 428 2501 poetiflat,
458 2439 683 2501 primum,
713 2451 767 2487 ut
794 2441 915 2489 clam
945 2442 1231 2502 colloquatur
1250 2451 1451 2494 mecum,
1474 2436 1548 2484 vel

208 2503 401 2565 Capme,
424 2503 498 2550 vel
519 2518 612 2550 non
627 2504 763 2578 longe
777 2521 807 2552 a
822 2505 1001 2568 Capua.
1037 2502 1220 2551 Puerile
1238 2501 1327 2547 hoc
1337 2499 1544 2562 quidem,

207 2566 249 2614 ai
268 2566 318 2614 id
336 2574 473 2630 putat
493 2567 613 2614 clam
637 2567 733 2615 fieri
753 2584 899 2633 posse.
934 2566 1087 2615 Doeui
1106 2580 1189 2627 per
1209 2564 1378 2620 literas,
1391 2562 1441 2610 id
1460 2578 1546 2612 nee

208 2645 326 2693 opus
361 2646 491 2690 εοιιε,ο
512 2645 596 2679 nec
633 2631 733 2680 fieri
767 2647 914 2695 posse.
957 2629 1093 2678 Misit
1126 2627 1187 2675 ad
1214 2641 1292 2674 me
1313 2624 1545 2673 Caeeimm

212 2694 466 2758 quemdam
488 2695 862 2754 Volaterranum,
884 2692 1159 2743 familiarem
1171 2705 1329 2750 suum,
1351 2688 1434 2751 qui
1451 2689 1551 2738 haec
