1784 3009
372 154 473 202 AD
505 155 569 214 Q.
598 154 959 203 FRATREM.
993 155 1116 202 Lm.
1139 155 1241 203 ΙΙΙ.
1271 158 1319 202 5.
1414 112 1521 202 3851

171 283 456 394 3¹:⁰¹¹qu
496 284 695 359 dignitas
736 284 1029 359 aliquanmm
1070 283 1265 358 orationi
1304 286 1520 347 ponderis

235 351 406 396 erebat.
441 348 512 395 Hl
525 350 634 397 hbn
645 364 752 397 cum
764 363 814 396 m
831 348 1098 396 Tusculano
1109 348 1227 395 rmhi
1241 348 1517 411 legerentur,

173 412 393 460 audiente
427 412 675 471 Sallusti03
708 413 972 461 admonitus
1004 429 1111 462 sum
1143 415 1203 461 ab
1230 413 1331 473 illo,
1367 415 1519 462 multo
1615 402 1623 420 '

177 477 355 538 majore
387 477 653 525 auctoritate
682 478 776 525 illis
810 478 868 525 de
895 480 1031 525 rebus
1052 477 1144 533 dici
1169 493 1318 541 posse,
1351 478 1390 525 si
1423 479 1522 542 ipse

178 541 393 604 loquerer
427 541 487 589 de
518 558 569 590 re
596 542 801 607 publica,
824 542 1077 606 praesertim
1114 558 1222 590 cum
1258 557 1405 590 essem
1424 558 1520 591 non

179 605 453 654 Heraclides
488 607 723 667 Ponticus,
759 607 839 655 sed
876 607 1140 666 consularis,
1176 615 1223 654 et
1254 606 1313 665 is,
1352 607 1434 671 qui
1470 608 1521 655 in

179 670 401 718 maximis
423 672 708 720 versatus'in
747 687 797 719 re
825 671 1012 735 publica
1043 674 1179 720 rebus
1206 686 1350 720 essem
1365 689 1379 718 ε
1415 687 1522 736 quae

179 743 279 782 tam
316 736 520 799 antiquis
555 736 822 784 hominibus
851 736 1164 795 attribuerem,
1192 752 1247 784 ea
1274 736 1426 784 visum
1462 736 1528 783 iri
1610 756 1615 760 ·

179 797 289 846 ficta
310 815 406 848 esse
423 817 437 847 ε
473 801 723 848 oratorium
744 816 999 848 sermonem
1017 802 1067 848 in
1082 801 1175 848 illis
1188 801 1352 849 nostris
1371 801 1520 862 libris,

179 864 308 926 quod
330 873 446 912 esset
464 865 522 912 de
542 865 718 913 ratione
738 865 935 921 dicendi..
958 866 1077 913 belle
1097 881 1127 912 a
1140 882 1218 913 me
1237 866 1484 914 removisse
1502 883 1521 922 3

179 927 240 974 ad
261 943 339 976 eos
359 938 516 976 tamen
547 930 771 988 retulisse,
794 945 912 993 quos
931 929 1030 992 ipse
1060 930 1274 978 vidissem
1289 947 1303 976 ε
1338 930 1523 978 Aristo-

177 993 318 1041 telem
341 993 555 1057 denique,
579 1011 686 1058 quae
714 995 772 1042 de
802 1010 852 1042 re
872 994 1062 1058 publica
1088 1003 1135 1042 et
1151 1002 1396 1060 praestante
1423 995 1523 1043 viro

175 1057 360 1117 scribat,
382 1058 539 1120 ipsum
558 1059 703 1122 loqui.

193 1124 196 1127 '
243 1123 510 1170 commovit
530 1139 622 1184 me,
646 1133 693 1172 et
708 1139 763 1172 eo
782 1124 949 1188 magis,
971 1125 1098 1188 quod
1117 1123 1347 1172 maximos
1366 1132 1525 1172 motus

180 1195 348 1234 nostrae
384 1186 578 1236 civitatis
606 1189 828 1252 attingere
854 1203 949 1236 non
977 1197 1199 1251 poteram,
1232 1189 1358 1251 quod
1392 1197 1523 1236 erant

179 1251 432 1311 inferiores,
476 1268 620 1315 quam
661 1253 851 1302 illorum
901 1261 1030 1310 aetas,
1074 1252 1157 1315 qui
1198 1253 1522 1314 loquebantur.

180 1316 288 1379 Ego
331 1324 485 1363 autem
522 1318 571 1365 id
606 1317 762 1381 ipsum
800 1327 905 1364 tum
939 1331 1065 1363 eram
1109 1324 1307 1374 secutus,
1351 1330 1428 1389 ne,
1470 1316 1523 1363 in

180 1389 338 1493 ’ἑῖῗέ
351 1379 1523 1509 εἷθῗέᾞωῗᾝῖῖὲῗποῖξὲἑιΐοΐωὲ“ἓῖ“ἒέῗᾲ

180 1509 281 1569 illa,
305 1525 413 1573 quae
431 1509 738 1568 institueram,
761 1511 821 1557 ad
842 1519 906 1569 te,
929 1508 968 1557 si
984 1509 1189 1556 Romam
1210 1522 1392 1567 venero,
1413 1507 1525 1554 mit-

180 1581 295 1621 tam.
330 1574 457 1621 Puto
476 1574 618 1634 enim,
635 1584 682 1621 te
702 1573 1093 1634 existimaturum,
1115 1589 1145 1620 a
1162 1588 1242 1620 me
1260 1572 1403 1620 libros
1420 1571 1530 1620 illos>

180 1651 275 1685 non
297 1638 396 1685 sine
416 1637 572 1702 aliquo
591 1654 697 1686 meo
717 1639 952 1686 stomacho
973 1654 1070 1686 esse
1089 1638 1284 1685 relictos·

250 1702 444 1751 Caesaris
463 1718 636 1763 amore,
658 1718 799 1767 quem
820 1702 881 1749 ad
895 1719 974 1750 me
992 1702 1270 1766 perscripsit,
1293 1701 1428 1749 unice
1447 1700 1529 1749 de-

180 1768 324 1816 lector
341 1785 355 1814 =
389 1767 624 1830 promissis
654 1768 728 1827 iis,
756 1783 863 1831 quae
888 1767 1105 1828 ostendit,
1136 1781 1230 1814 non
1260 1766 1393 1814 valde
1412 1780 1531 1830 pen-

184 1832 272 1879 deo
290 1849 305 1879 :
340 1846 425 1879 nec
445 1833 637 1880 honores
666 1832 787 1892 sitio,
817 1847 903 1881 nec
931 1831 1135 1880 desidero
1163 1831 1391 1895 gloriam=
1426 1847 1530 1878 man

183 1896 351 1960 &sque
386 1897 485 1957 ejus
505 1897 752 1945 voluntatis
772 1897 1146 1961 perpetuitatem,
1167 1911 1311 1960 quam
1332 1896 1528 1960 promis-

185 1977 344 2008 sorum
380 1961 574 2020 exitum,
610 1970 837 2026 exspecto.
870 1962 996 2010 Vivo
1023 1971 1178 2010 tamen
1212 1962 1262 2009 in
1289 1962 1344 2010 ea
1377 1961 1528 2010 ambi-

183 2025 311 2074 tione
332 2034 379 2074 et
406 2025 578 2086 labore,
601 2035 843 2090 tamquam
869 2026 938 2088 id,
961 2026 1088 2091 quod
1107 2041 1201 2075 non
1220 2027 1423 2091 postulo,
1446 2041 1529 2074 ex-

177 2105 201 2136 s
330 2105 396 2137 m.

248 2155 395 2214 Quod
412 2170 493 2204 me
524 2157 582 2204 de
608 2155 828 2205 faciendis
847 2157 1056 2205 versibus
1076 2171 1226 2220 rogas,
1260 2154 1528 2203 incredibile

179 2227 268 2280 est,
291 2219 362 2266 mi
380 2220 536 2281 frater,
567 2236 711 2284 quam
732 2237 892 2284 egeam
913 2230 1120 2297 tempore
1135 2238 1149 2267 ε
1182 2234 1268 2267 nec
1287 2233 1398 2266 sane
1417 2218 1528 2266 satis

179 2298 475 2333 eommoveor
494 2285 650 2333 animo
676 2286 736 2332 ad
764 2302 835 2347 ea,
858 2302 965 2350 quae
985 2301 1071 2344 Vis,
1094 2282 1312 2333 canenda.
1343 2282 1528 2328 “ruobe-

186 2366 282 2402 σεις
300 2358 426 2410 vero,
461 2349 525 2397 ad
553 2365 607 2398 ea
626 2366 733 2413 quae
760 2349 861 2414 ipse
881 2365 968 2414 ego
994 2364 1055 2397 ne
1075 2346 1316 2421 cogitando
1335 2344 1527 2419 quidem

179 2411 1340 2543 ffiffissssfisssussssfflffffliffiss
1348 2424 1528 2533 ἐξὲξ

181 2551 240 2590 ut
259 2558 441 2606 possem
459 2562 473 2591 ε
508 2544 589 2592 sed
610 2544 756 2608 (quod
776 2552 823 2592 te
849 2544 1043 2592 minime
1061 2539 1207 2604 fugit)
1230 2554 1348 2605 opus
1376 2545 1444 2586 est
1464 2537 1526 2585 ad

181 2608 353 2670 po'ema
381 2608 587 2672 quadam
614 2607 761 2656 animi
788 2609 1038 2666 alacritate,
1074 2621 1218 2670 quam
1248 2603 1387 2668 plane
1406 2603 1526 2650 mihi

181 2680 393 2736 tempora
429 2673 644 2738 eripiunt·
691 2673 895 2722 Abduoo
933 2671 1148 2736 equidem
1190 2685 1268 2717 me
1302 2669 1362 2716 ab
1395 2666 1525 2717 omni
