1784 3009
481 183 580 232 AD
613 182 928 233 BRUTUM.
961 185 1156 234 Errsr.
1178 188 1225 235 4.
1419 191 1517 246 347

173 319 330 366 Pansa
356 314 557 377 fugerat,
590 314 857 363 vulneribus·
892 315 1106 378 accepti&
1144 331 1251 379 quae
1281 316 1399 364 ferre
1425 332 1521 366 non

172 381 345 446 potuit.
397 377 638 441 Reliquias
675 378 882 427 hostium
917 379 1097 428 Brutus
1129 381 1433 444 persequitur,
1472 392 1518 430 et

174 447 348 495 Caeear.
382 443 552 490 Hostes
570 450 728 490 autem
748 458 910 491 omnes
932 443 1143 505 judicati,
1165 445 1250 508 qui
1270 445 1345 493 Μ.
1368 446 1521 494 Anto-

172 510 242 559 nii
263 516 435 558 sectam
458 507 600 555 secuti
620 515 742 554 sunt.
776 508 945 571 Itaque
975 508 1026 555 id
1054 511 1520 560 senates-connum

125 608 138 613 -
167 574 382 638 plerique
401 571 773 646 interpretantur,
796 573 937 619 etiam
957 573 1017 619 ad
1037 581 1157 633 tuos,
1180 574 1276 622 sive
1297 574 1517 637 captivos,

170 639 270 687 sive
302 635 555 694 dediticios,
599 636 837 710 pertinere.
891 637 1129 700 Equidem
1169 639 1289 686 nihil
1325 640 1518 687 disserui

173 702 356 761 durius,
379 715 487 748 cum
506 699 784 748 nominatim
812 700 871 748 de
897 701 953 749 C.
975 701 1182 750 Antonio
1211 703 1518 779 decernerem,

170 766 300 830 quod
319 765 387 813 ita
403 773 673 824 statueram,
696 780 726 811 a
746 773 793 812 te
813 780 1081 828 cognoscere
1107 782 1294 816 eausam
1315 769 1417 830 ejus
1445 785 1517 817 ee-

168 839 337 879 natum
355 837 577 894 oportere.
610 828 663 877 X
686 827 879 878 calend.
903 830 1073 881 Maias.

399 984 508 1088 (4.)
541 1022 815 1074 BRUTUS
849 1023 1189 1076 CICERONI
1221 1028 1272 1077 S.

237 1155 630 1215 (Argumentum.
642 1179 708 1190 —-
721 1154 991 1230 Respondet
1023 1155 1249 1219 superiori
1279 1157 1513 1220 epistolae3

168 1227 218 1268 et
236 1218 634 1283 reprehensionem
652 1217 811 1267 nimiae
830 1220 881 1266 in
902 1220 959 1271 G.
981 1220 1243 1267 Antonium
1263 1221 1538 1270 clementiae·

161 1285 319 1332 diluit.
354 1283 537 1343 Monet,
560 1298 636 1341 ne,
650 1283 807 1331 nimiis
820 1283 1072 1331 honoribus
1085 1283 1343 1333 octaviano
1364 1286 1513 1334 tribu

167 1348 319 1407 endis,
345 1348 525 1396 malum
562 1348 831 1410 exemplum
864 1347 1125 1407 inducatur,
1193 1362 1256 1394 uo
1292 1349 1514 1410 regnandi

165 1412 328 1477 cupidi
348 1414 614 1471 abutantur,
636 1420 790 1475 atque
795 1411 888 1459 illis
908 1411 975 1459 ita
988 1364 1211 1474 regnandi
1238 1412 1413 1460 oecasio
1433 1410 1514 1461 de-

261 1478 443 1541 ;quod
463 1493 511 1526 se
522 1476 814 1527 vehementer
833 1476 996 1524 timere
1016 1475 1251 1535 ostendit.)

229 1603 427 1683 Quanta
447 1605 535 1653 sim
566 1605 729 1654 laetitia
759 1606 966 1667 affectu8‚
994 1605 1199 1680 qunitis
1215 1607 1352 1654 rebus
1372 1606 1514 1655 Bruti

162 1671 312 1721 noea-i
333 1680 379 1719 et
397 1671 657 1727 consulum,
679 1671 859 1718 fat-‚ilius
872 1679 941 1719 est
961 1670 1046 1719 tibi
1067 1670 1345 1730 existimare,
1358 1686 1510 1744 quam

161 1736 285 1785 mihi
306 1736 513 1784 seribere.
559 1733 687 1785 Cum
714 1735 806 1783 alia
829 1735 988 1794 laudo,
1012 1743 1058 1782 et
1078 1734 1258 1809 gaudeo
1278 1734 1511 1794 accidisse,

161 1810 268 1850 tum
290 1799 416 1865 quod
426 1799 567 1848 Bruti
587 1799 766 1862 eruptio
780 1814 875 1848 non
892 1799 1079 1848 solum
1064 1798 1155 1863 ipsi
1170 1799 1381 1847 salutaris
1398 1800 1508 1859 fuit,

158 1867 243 1915 sed
276 1866 415 1914 etiam
440 1864 648 1912 maximo
679 1864 739 1912 ad
779 1864 1016 1912 victoriam
1044 1864 1326 1925 adjumento.
1367 1865 1511 1924 Quod

162 1930 340 1990 eci-ibis,
353 1929 497 1979 trium
519 1926 832 1978 Antoniorum
853 1944 998 1977 unam
1011 1937 1152 1992 atque
1172 1929 1383 1978 eamdem
1399 1946 1510 1979 cau-

162 2010 417 2117 32²3&
442 1993 680 2107 13¹3}th
704 1994 1509 2123 ἒὲἳῖἑὲ’..ῗέἶὲζὲἷῑωιι.“ἑῗ.ῐ.ἦῖ

161 2124 339 2175 dicium
358 2139 455 2173 ease
474 2122 568 2172 de
552 2123 611 2173 iis
628 2123 805 2173 (ivibus
825 2125 910 2188 qui
928 2134 1190 2189 pugnantes
1209 2139 1304 2172 non
1324 2125 1509 2173 interie-

157 2191 269 2240 rint.

225 2254 297 2303 At
330 2253 460 2303 hoc
444 2268 619 2318 ipsum,
648 2253 845 2318 inquies,
877 2253 1038 2317 inique
1064 2253 1194 2315 facis,
1221 2253 1305 2315 qui
1329 2251 1508 2300 hostilis

158 2319 306 2372 animi
325 2319 376 2366 in
396 2317 732 2382 rempublicam
752 2318 981 2377 homines,
1003 2318 1123 2366 cives
1144 2317 1361 2379 appelles.
1405 2316 1508 2363 Im-

159 2398 240 2436 mo
255 2383 521 2446 justissime.
556 2383 699 2442 Quod
728 2382 852 2431 enim
872 2382 1084 2432 nondum
1105 2388 1291 2428 senatus
1312 2380 1505 2439 censuit,

160 2466 244 2500 nee
264 2449 467 2513 populus
488 2448 732 2496 Romanus
749 2449 902 2509 jussit,
924 2446 976 2495 id
996 2451 1260 2507 arroganter
1270 2458 1365 2491 non
1385 2459 1507 2518 pruf-

157 2514 330 2577 judico,
352 2524 504 2577 neque
523 2527 686 2561 revoco
703 2512 764 2560 ed
780 2511 1023 2562 arbitrium
1042 2523 1219 2557 meum.
1252 2507 1384 2556 Illud
1398 2506 1504 2570 qui-

158 2579 266 2635 dem
285 2593 381 2628 non
399 2585 550 2637 muto,
573 2577 703 2652 quod
723 2576 783 2637 ei,
814 2591 957 2640 quem
981 2589 1060 2621 me
1087 2572 1289 2620 occidere
1315 2586 1388 2619 res
1408 2585 1503 2619 non

159 2643 323 2707 etegit,
345 2658 380 2691 ιι
434 2657 497 2690 ue
516 2640 759 2689 crudeliter
774 2640 1031 2713 quidquam
1053 2635 1219 2699 eripui,
1239 2650 1390 2698 neque
1410 2634 1502 2682 dis·

156 2710 305 2758 solute
437 2720 582 2768 quarn
604 2705 791 2755 remisi·
775 2739 792 2763 ‚
826 2703 1064 2766 habuique
1083 2700 1133 2751 in
1144 2700 1251 2749 mea
1260 2706 1500 2764 potestate,
