1784 3009
298 162 368 208 m
463 193 468 204 ,
547 141 650 210 Ab
679 160 1025 211 ΑΤΤῐουΜ.
1058 162 1180 212 ιιι.
1202 163 1269 213 x.
1295 163 1374 212 12.

297 304 377 338 me
391 290 557 351 veniet,
580 300 663 339 aut
678 305 738 338 ne
756 290 806 339 id
819 289 1039 354 'quidemg
1073 292 1295 357 quoniam
1308 291 1506 357 scripsit,
1563 297 1662 348 uid

299 353 398 404 fleri
419 356 568 404 vellet.
602 355 695 404 Sed
715 355 827 403 scies
850 355 1084 416 continuo,
1106 357 1222 422 quid
1241 366 1397 406 aetum
1417 359 1496 407 sit.
1529 311 1661 412 ‘ko-

292 420 397 480 jam
413 420 546 479 nihil,
569 420 658 467 nisi
674 421 866 468 occulte·

379 484 456 531 De
476 483 629 548 pueris
650 484 764 547 quid
784 485 957 547 agam?
988 501 1190 549 parvone
1216 486 1401 550 navigio
1429 491 1660 539 commit-

301 556 399 595 tam
415 551 438 595 Ρ
472 547 603 607 Quid
624 547 742 595 mihi
762 548 908 596 animi
941 550 991 597 in
1029 550 1288 613 navigando
1316 554 1475 601 censes
1508 554 1614 604 fore
1629 559 1657 605 Ρ

303 611 538 660 Recorddl·
560 612 702 670 enim,
721 621 875 660 aestate
891 614 1094 661 cumillo
1111 615 1401 663 Rhodiorum
1427 628 1661 681 αφρακτῳ

301 676 539 739 naviganti,
563 692 706 739 quam
727 676 895 725 fuerim
918 678 1150 727 sollicitus·
1198 679 1348 739 Quid,
1378 680 1500 729 duro
1527 691 1657 732 tem·

301 756 413 804 pore
429 741 556 838 anni,
578 741 824 789 actuariolo
844 741 943 790 fore
957 757 1111 791 censoe
1129 747 1152 791 Ρ
1186 745 1312 792 Rem
1331 744 1547 810 undique
1560 749 1660 797 mi.

304 820 453 852 seram
470 841 484 852 .

369 870 618 918 Trebatius
651 879 748 919 erat
781 886 985 927 mecum,
1017 873 1086 921 vir
1113 872 1252 936 plane
1271 881 1317 921 et
1339 874 1452 922 civis
1479 877 1659 926 bonus.

303 933 426 993 Quae
445 935 527 984 ille
545 944 766 994 monstra,
780 934 866 982 Dii
884 936 1198 985 immortales!
1223 936 1445 988 Etiamne
1466 940 1661 991 Balbus

301 998 352 1045 in
372 1007 588 1047 aenatum
609 999 762 1048 venire
791 1000 993 1063 cogitet?
1026 1001 1120 1050 Sed
1140 1001 1183 1049 ei
1202 1001 1291 1066 ipsi
1311 1018 1407 1051 cras
1428 1004 1490 1053 ad
1512 1013 1562 1054 te
1592 1006 1662 1054 li..

303 1071 423 1110 teras
444 1063 580 1112 dabo.
1507 1117 1512 1122 .

379 1127 640 1176 Vectenum
685 1129 804 1176 mihi
848 1131 1071 1190 amicum,
1105 1139 1161 1178 ut
1193 1130 1367 1191 scribis,
1414 1133 1484 1182 ita
1533 1143 1665 1199 puto

301 1207 425 1240 esse:
457 1207 564 1240 cum
600 1207 671 1251 eo,
706 1194 834 1256 quod
868 1213 1100 1254 αποτομως
1129 1194 1189 1242 ad
1210 1211 1287 1243 me
1319 1197 1565 1261 scripoerat
1592 1200 1665 1249 de

301 1256 509 1304 nummis
530 1257 758 1318 curandis,
781 1262 1075 1319 θυμικωτιρον
1102 1275 1229 1307 eram
1257 1261 1463 1321 jocatus:
1501 1264 1554 1312 id
1578 1272 1663 1325 tu,

301 1321 341 1372 si
357 1321 437 1380 ille
457 1322 588 1369 aliter
610 1323 847 1387 acceperit,
865 1337 919 1370 ac
940 1322 1117 1381 debuit,
1133 1324 1290 1372 lenies.
1325 1329 1360 1355 “
1383 1326 1664 1377 Monetali”

302 1395 461 1435 autem
495 1386 729 1450 adscripsi,
763 1386 890 1450 quod
918 1386 998 1435 ille
1034 1387 1094 1435 ad
1128 1403 1222 1446 me,
1269 1393 1304 1419 “
1328 1391 1663 1441 Proconsuli.”

303 1452 412 1511 Sed,
437 1451 659 1515 quoniam
675 1463 743 1500 ωε
753 1452 912 1513 homo,
933 1460 982 1499 et
1002 1466 1085 1500 nos
1106 1452 1274 1517 diligit,
1288 1455 1387 1519 ipse
1406 1472 1596 1522 quoque
1627 1475 1663 1509 a
1724 1461 1730 1472 ⁸

303 1516 436 1565 nobis
458 1516 692 1581 diligatur.
726 1516 862 1566 Vale.

565 1706 702 1770 (12.)
737 1708 995 1759 CICERO
1027 1710 1289 1762 ATTICO
1321 1713 1374 1765 S.

366 1833 608 1893 Quidnam
629 1836 747 1884 mihi
765 1838 980 1887 futurum
995 1848 1064 1889 est
1077 1844 1101 1889 Ρ
1134 1851 1216 1890 aut
1236 1843 1342 1908 quis
1361 1858 1439 1894 me
1458 1861 1556 1898 non
1572 1865 1656 1899 ao-

300 1897 406 1946 lum
424 1898 663 1959 infelicior,
693 1901 773 1949 sed
795 1904 897 1963 jam
930 1905 1070 1953 etiam
1104 1907 1314 1970 turpior?
1348 1909 1656 1965 Nominatim

302 1961 362 2009 de
375 1976 453 2009 me
473 1962 560 2011 sibi
570 1965 848 2029 imperatum
864 1968 976 2017 didt
989 1970 1226 2020 Antonius
1240 1989 1257 2029 ς
1290 1981 1375 2021 nec
1389 1990 1466 2022 me
1485 1984 1653 2028 tamen

302 2025 402 2090 ipse
421 2026 574 2076 adhuc
594 2029 783 2090 viderat,
807 2033 888 2080 sed
907 2033 996 2081 hoc
1016 2034 1239 2084 Trebatio
1259 2039 1474 2090 narravit.
1509 2040 1651 2101 Quid

301 2105 440 2153 agam
455 2106 595 2154 nunc,
618 2094 694 2142 eui
714 2096 831 2145 nihil
851 2098 1071 2161 procedit,
1088 2100 1238 2148 cadun
1290 2116 1433 2163 ueea,
1449 2119 1562 2166 quae
1574 2107 1654 2156 di.

300 2154 599 2219 ligentissime
618 2169 727 2208 sunt
746 2162 961 2224 cogitata,
978 2165 1207 2213 teterrime
1222 2168 1245 2214 Ρ
1312 2182 1374 2229 go
1386 2168 1531 2229 enim,
1550 2170 1657 2221 Cu-

301 2219 478 2269 rionem
502 2231 679 2284 nactus,
701 2226 859 2274 omnia
881 2242 960 2275 me
979 2238 1277 2278 consecutum
1304 2232 1479 2294 putavi.
1514 2234 1567 2284 Is
1586 2238 1655 2287 de

301 2298 378 2333 me
411 2286 473 2335 ad
515 2287 820 2337 Hortensium
852 2292 1104 2354 scripserat.
1148 2294 1360 2357 Reginus
1385 2306 1486 2345 erat
1521 2307 1655 2354 totus

301 2359 455 2398 noster
468 2368 483 2398 a
516 2350 627 2401 huic
647 2353 765 2400 nihil
786 2355 1133 2418 suspicabamur
1156 2373 1266 2406 cum
1286 2359 1374 2407 hoc
1391 2362 1515 2410 mari
1535 2378 1657 2430 neg-

301 2413 386 2460 otii
405 2414 517 2463 fore.
549 2416 660 2475 Quo
673 2432 750 2464 me
770 2432 894 2466 nunc
909 2428 1083 2467 vertam
1101 2424 1124 2468 Ρ
1158 2422 1380 2487 Undique
1400 2427 1654 2480 custodior.

303 2475 397 2523 Sed
417 2479 526 2525 satis
545 2479 773 2544 lacrymis.
810 2489 1004 2543 Παρωρα
1025 2492 1233 2533 mum-sor
1252 2487 1411 2551 igitur,
1435 2494 1657 2542 etoccul-

305 2539 430 2611 tejn
463 2542 669 2605 aliquam
704 2545 959 2592 onerariam
991 2550 1337 2613 corrependum.
1372 2553 1486 2601 Non
1521 2571 1658 2606 oom-

307 2604 605 2665 mittendum,
622 2616 677 2655 ut
692 2608 830 2656 etiam
852 2619 1090 2672 compacto
1109 2614 1331 2676 prohibiti
1346 2616 1602 2670 videamur.

372 2665 529 2715 Sicilia
567 2671 765 2732 petenda
780 2685 796 2716 ι
831 2687 975 2735 quam
1005 2675 1043 2721 si
1080 2676 1249 2725 erimus
1291 2681 1432 2739 nacti,
1473 2686 1655 2747 majora
