1784 3009
317 176 410 223 au
524 175 628 223 AD
654 175 997 226 A'r‘rlctJM.
1031 176 1319 241 1111&va
1362 168 1440 243 la.

574 303 713 367 (12.)
754 302 1009 354 emmo
1041 303 1310 355 A'r'rtco
1343 305 1393 354 s.

383 432 530 498 Oppii
545 433 761 497 epistole,
782 432 893 496 quia
989 434 1195 481 humana
1209 442 1322 492 erat,
1339 432 1427 481 tibi
1445 432 1554 482 misi
1574 448 1654 487 ex-

320 499 542 562 emplum.
591 496 668 545 De
699 497 878 557 Ocella,
934 512 1015 545 um
1045 506 1096 545 tu
1125 497 1396 559 maginaris,
1422 511 1509 545 nec
1537 497 1654 547 mihi

319 562 575 627 quidquam
590 561 810 621 rescribis-x,
823 560 924 624 cepi
945 561 1185 609 eonsilium
1207 558 1525 611 domestimun,
1555 561 1656 610 Ita·

318 643 410 690 que
431 642 505 673 me
533 625 678 689 pridie
708 625 822 672 Idus
851 626 1044 673 arbitror
1060 627 1226 673 Rornoe
1245 625 1475 675 futurum.
1512 626 1656 677 Com·

317 691 499 739 modius
520 700 587 738 est
606 689 773 747 visum,
802 689 972 736 frustra
993 705 1068 737 me
1087 689 1188 737 istic
1214 704 1326 748 esse,
1348 704 1455 737 cum
1479 690 1531 737 id
1561 704 1652 737 non

319 769 501 802 necesse
533 761 665 811 esset,
705 768 865 816 quam,
898 753 937 801 si
965 768 1080 817 opus
1112 761 1245 811 esset,
1268 767 1362 800 non
1388 753 1574 802 adessez
1607 762 1653 802 et

319 818 476 876 simul,
509 832 569 865 ne
599 816 940 876 intercluderet,
973 819 1251 865 metuebam.
1287 816 1377 865 Ille
1409 817 1536 865 enim
1554 819 1650 878 jam

317 881 557 930 adventare
577 889 724 945 potest
741 898 755 927 z
791 880 876 928 etsi
895 881 1010 929 varii
1030 897 1252 937 rumores,
1272 881 1523 945 multique,
1537 897 1651 946 quon

317 960 530 1020 cuperem
551 960 693 993 veros.
739 944 874 991 Nihil
894 955 1050 994 tamen
1070 945 1194 994 certi.
1240 945 1345 1009 Ego
1367 961 1494 1004 vero,
1518 944 1652 1010 quid-

316 1008 431 1073 quid
451 1017 533 1067 eet,
556 1016 710 1056 tecum
736 1009 908 1072 potius,
936 1025 1080 1073 quam
1101 1009 1245 1058 animi
1276 1009 1523 1084 pendeam,
1545 1025 1652 1058 cum

317 1073 595 1130 ateabeim,
619 1073 826 1130 etdete,
849 1074 1079 1122 etdeme.
1113 1073 1333 1136 Sedqmd
1353 1074 1439 1121 tibi
1459 1072 1650 1122 dicam?

318 1139 492 1185 bonum
513 1137 737 1185 animum.
771 1136 851 1185 De
871 1138 1185 1196 Ἠρακλειδιιῳ
1203 1138 1446 1197 Varronis,
1470 1138 1653 1201 negotia

318 1201 446 1249 salsa.
487 1201 573 1249 Me
601 1202 790 1266 quidem
817 1200 937 1248 nihil
958 1215 1164 1266 unquam
1184 1200 1249 1250 sic
1266 1201 1521 1251 delectavit.
1561 1201 1653 1252 Sed

317 1266 414 1314 haec
436 1274 482 1314 et
501 1266 592 1314 alia
610 1268 787 1330 majora
806 1280 976 1314 eoram.

568 1458 711 1524 (13.)
748 1455 1005 1508 CICERO
1036 1456 1302 1507 ATTICO
1334 1457 1384 1507 S.

381 1589 428 1637 Ο
450 1602 605 1636 casum
625 1586 873 1636 mirificum
895 1586 909 1633 !
945 1584 1023 1632 VI
1048 1583 1160 1634 Idus
1180 1602 1286 1634 cum
1300 1594 1407 1635 ante
1419 1586 1575 1636 lucem
1596 1586 1652 1636 de

315 1653 587 1702 Sinuessano
603 1651 914 1708 surrexissem,
923 1649 1235 1714 venissemque
1246 1651 1449 1699 dilumlo
1462 1651 1523 1699 ad
1537 1666 1654 1716 pon-

316 1726 408 1765 tem
431 1717 675 1774 Tirenum,
705 1715 787 1780 qui
817 1723 884 1763 eet
905 1714 1177 1774 Minturnis,
1206 1715 1256 1761 in
1289 1730 1385 1778 quo
1412 1715 1564 1763 flexus
1586 1725 1655 1764 est

315 1781 377 1829 ad
397 1781 482 1827 iter
503 1781 719 1844 Arpinas,
742 1780 925 1828 obviam
951 1777 1069 1826 mihi
1089 1779 1144 1827 fit
1164 1779 1447 1837 tabellarius,
1471 1778 1556 1844 qui
1576 1794 1653 1828 me

315 1844 504 1892 offendit
524 1847 686 1907 δοΛιχον
715 1852 846 1890 πλοον
869 1847 1131 1902 ὅρμαηοιτα.
1174 1842 1279 1906 Ego
1299 1843 1473 1901 statim,
1508 1846 1545 1873 “
1565 1843 1655 1892 Ce-

316 1908 428 1966 do,”
450 1909 657 1970 inquam,
681 1910 717 1937 ‘⁶
741 1908 780 1955 si
800 1906 914 1970 quid
936 1908 994 1954 ab
1017 1907 1220 1955 Attico.”
1253 1907 1482 1961 Nondum
1503 1908 1657 1972 legere

377 1981 575 2019 teramus
592 1988 606 2017 z
642 1985 750 2019 nam
773 1979 818 2019 et
840 1969 1021 2019 lumina
1050 1970 1399 2028 dimiseramus;
1433 1987 1519 2020 nec
1541 1971 1654 2021 satia

337 2037 509 2083 ucebat.
543 2035 665 2083 Cum
686 2044 840 2083 autem
862 2035 1049 2095 luceret,
1066 2044 1171 2083 ante
1191 2035 1358 2101 scripta
1379 2035 1575 2099 epistola
1594 2052 1654 2087 ex

315 2099 494 2147 duabus
514 2099 606 2146 tuis
625 2098 748 2163 prior
773 2098 891 2146 mihi
917 2099 1010 2161 legi
1031 2109 1177 2163 coepta
1203 2108 1284 2147 est.
1324 2100 1418 2147 Illa
1438 2100 1654 2148 omnium

315 2163 502 2229 quidem
518 2162 864 2226 elegantissima.
900 2163 977 2210 Ne
993 2162 1080 2210 sim
1097 2163 1265 2222 salvus,
1280 2162 1319 2211 si
1331 2164 1464 2213 aliter
1485 2165 1653 2224 scribo,

316 2244 369 2277 ac
385 2228 527 2276 sentio
545 2246 560 2276 ε
592 2227 710 2275 nihil
734 2226 828 2289 legi
847 2227 1110 2274 humanius.
1148 2228 1312 2291 Itaque
1333 2227 1536 2288 veniam,
1560 2242 1655 2292 quo

315 2309 465 2352 veona,
488 2292 625 2340 modo
640 2292 848 2353 adjutore
869 2299 929 2338 te.
962 2291 1054 2339 Sed
1067 2290 1185 2338 nihil
1206 2300 1303 2339 tam
1323 2292 1654 2354 απροσδιονυσον

316 2357 433 2406 mihi
461 2356 611 2419 primo
632 2355 884 2412 videbatur,
916 2369 1076 2416 quam,
1099 2354 1159 2402 ad
1188 2355 1272 2404 has
1296 2354 1451 2403 literas
1514 2356 1655 2405 uibus

317 2437 402 2484 ego
423 2436 452 2467 a
471 2428 516 2468 ω
537 2419 777 2468 consilium
798 2418 1036 2480 petieram,
1060 2428 1104 2466 te
1125 2419 1242 2466 mihi
1262 2419 1349 2467 ista
1370 2435 1510 2467 raecn

378 2485 499 2532 Ecce
513 2484 598 2531 tibi
610 2483 766 2541 altera,
777 2481 872 2545 qua
886 2480 1097 2542 hortaris,
1112 2484 1210 2545 παρ’
1230 2500 1461 2542 ηνεμοεντα
1482 2492 1522 2529 Μ
1530 2502 1659 2540 mar·-

318 2565 394 2602 τα,
410 2555 556 2600 'Nm-ov
572 2566 642 2592 επι
658 2555 786 2606 Ψυριη
794 2564 829 2602 ς,
840 2543 1046 2607 Appiam
1061 2546 1125 2592 στ’
1145 2546 1337 2606 αριστιρ’
1358 2563 1532 2608 exoa-ror.
1557 2546 1661 2596 Ita-

318 2624 409 2672 que
429 2626 482 2658 eo
495 2610 570 2659 die
583 2608 733 2659 mansi
748 2607 942 2673 Aquini.
975 2607 1247 2673 Longulam
1268 2624 1378 2658 sane
1389 2609 1497 2672 iter,
1518 2610 1567 2659 et
1583 2612 1663 2661 via
