1784 3009
367 202 472 256 AD
504 204 569 263 Q.
598 193 958 252 FRATREM.
991 204 1119 253 Lm.
1138 204 1209 253 11.
1244 204 1291 250 6.
1382 198 1498 252 '³05

153 328 382 397 agebatur
418 333 580 382 multis
614 333 928 382 structoribus.
980 332 1252 396 Longilium
1277 329 1503 379 redemto-

153 394 254 445 rem
276 397 540 445 cohortatus
570 412 690 446 sum.
739 398 905 445 Fidem
935 397 1053 444 mihi
1078 396 1289 454 faciebat,
1316 410 1365 442 se
1386 394 1501 442 velle

151 461 289 510 nobis
311 462 506 527 placere.
540 459 723 510 Domus
739 463 825 510 erit
841 462 1024 526 egregia
1037 479 1052 509 ε
1075 460 1225 524 magis
1236 459 1360 507 enim
1377 459 1502 506 cerni

149 527 252 587 jam
273 534 470 590 poterat,
493 541 636 590 quam
657 536 886 591 quantum
910 542 968 574 ex
988 526 1140 574 forma
1156 524 1496 587 judicabamus.

154 591 377 654 Itemque
391 599 545 638 nostra
565 591 765 639 celeriter
786 590 1110 638 aedificabatur.

220 654 300 702 Eo
333 655 409 702 die
441 654 613 703 coenavi
645 654 770 718 apud
799 655 1151 718 Crassipedemt
1193 660 1410 710 coenatuS,
1446 653 1496 701 in

152 719 314 767 hortos
348 719 409 766 ad
434 719 711 783 Pompeium
740 718 899 766 lectica
926 720 1048 767 latus
1077 734 1195 766 sum.
1244 717 1498 765 Lucceium

154 783 401 831 convenire
419 797 512 830 non
533 792 792 846 potueram,
819 783 944 846 quod
965 782 1187 831 abfuerat.
1220 782 1394 830 Videre
1415 797 1498 829 au-

154 855 256 895 tem
277 848 505 905 volebam,
536 846 662 912 quod
693 863 818 895 eram
845 848 1063 910 postridie
1093 847 1252 895 Roma
1273 846 1496 906 exiturus,

153 920 206 959 et
239 912 367 974 quod
392 912 471 959 ille
501 912 552 959 in
586 912 846 960 Sardiniam
874 912 963 960 iter
989 913 1201 960 habebat.
1242 910 1498 958 Hominem

152 976 367 1035 conveni,
404 984 450 1023 et
486 978 545 1024 ab
583 990 636 1023 eo
670 977 827 1041 petivi,
873 983 929 1023 ut
964 976 1310 1040 quamprimum
1340 983 1386 1023 te
1413 991 1498 1023 no-

152 1039 231 1088 bis
251 1039 470 1088 redderet.
516 1040 680 1089 Statim
718 1041 850 1088 dixit.
894 1041 1012 1089 Erat
1040 1049 1197 1088 autem
1236 1040 1385 1087 iturus
1423 1045 1500 1093 (ut

153 1103 332 1163 aiebat)
365 1120 408 1152 a.
430 1103 475 1151 d.
505 1103 590 1152 III
613 1104 687 1152 Id.
710 1106 830 1169 Apr.
849 1113 904 1152 ut
931 1113 1013 1153 aut
1034 1105 1248 1152 Labrone
1267 1112 1351 1152 aut
1379 1104 1500 1152 Pisis

156 1168 493 1217 conscenderet.
524 1169 622 1228 Tu,
651 1169 720 1217 mi
752 1171 908 1228 frater,
937 1169 1079 1217 simul
1108 1184 1161 1216 ac
1195 1169 1276 1216 ille
1302 1168 1494 1228 venerit,

153 1232 362 1296 primam
397 1234 734 1295 navigationem
760 1232 1035 1289 (dummodo
1061 1232 1226 1280 idonea
1252 1240 1500 1296 tempestas

157 1297 242 1360 sit)
265 1312 325 1344 ne
345 1297 563 1346 omiseris.

224 1369 515 1424 Αμφιλαφιαν
552 1369 707 1411 autem
744 1362 893 1421 illam,
931 1376 1075 1426 quam
1108 1368 1163 1407 tu
1189 1360 1304 1407 soles
1329 1359 1496 1418 dicere,

156 1428 285 1477 bono
316 1425 456 1474 modo
488 1426 708 1486 desidem,
745 1427 809 1474 sic
847 1441 1050 1490 prorsus,
1087 1434 1143 1472 ut
1182 1422 1498 1472 advenientem

157 1490 389 1554 excipiam
409 1491 617 1551 libenter,
632 1492 851 1540 latentem
869 1489 1008 1537 etiam
1030 1502 1155 1536 nunc
1174 1502 1268 1536 non
1288 1486 1498 1534 excitem.

149 1555 339 1603 Tribus
361 1554 471 1602 locis
484 1555 685 1613 aedifioo3
708 1555 887 1619 reliqua
906 1553 1210 1610 reconcinno;
1234 1553 1339 1600 vivo
1358 1552 1502 1614 paulo

157 1619 413 1678 liberalius,
435 1634 577 1682 quam
599 1621 816 1668 solebam.
850 1619 988 1683 Opus
1010 1627 1122 1677 erat,
1140 1618 1179 1666 si
1199 1626 1245 1664 te
1264 1617 1500 1674 haberem,

157 1683 394 1747 paulisper
414 1683 554 1733 fabris
572 1685 726 1732 locum
747 1685 922 1732 darem.
948 1683 1040 1732 Sed
1061 1691 1107 1732 et
1121 1683 1221 1730 haec
1244 1682 1321 1746 (ut
1341 1678 1496 1744 spero)

154 1748 289 1796 brevi
309 1748 429 1795 inter
447 1762 531 1796 nos
552 1749 1008 1797 communicabimus·

225 1812 325 1860 Res
344 1821 500 1860 autem
532 1814 759 1861 Romanae
786 1812 850 1861 sic
878 1828 976 1861 sese
1002 1813 1187 1861 habent.
1221 1809 1397 1859 Consul
1429 1819 1498 1860 est

157 1876 372 1940 egregius
393 1876 639 1937 Lentulus,
672 1891 764 1925 non
784 1877 1062 1942 impediente
1082 1875 1257 1940 collega
1272 1893 1286 1922 ε
1323 1875 1402 1935 sic,
1424 1876 1498 1923 in·

150 1955 323 2004 quam,
344 1942 510 2000 bonne,
536 1950 591 1989 ut
610 1943 848 1990 meliorem
868 1955 962 1990 non
982 1942 1190 1990 viderim.
1236 1940 1350 1989 Dies
1371 1956 1496 1990 com-

147 2004 308 2053 itiales
346 2007 517 2054 exemit
552 2021 742 2055 omnes:
778 2021 889 2055 nam
925 2007 1063 2054 etiam
1101 2006 1283 2055 Latinae
1318 2006 1498 2054 instau-

156 2078 355 2117 rantur:
391 2085 475 2118 nec
495 2080 650 2118 tamen
671 2071 857 2119 deerant
878 2071 1242 2135 supplicationes.
1288 2071 1364 2119 Sic
1383 2072 1499 2135 legi-

158 2135 250 2182 bus
269 2134 657 2197 perniciosissimis
673 2136 924 2195 obsistitur,
940 2135 1145 2184 maxime
1167 2136 1357 2184 Catonis
1376 2153 1391 2191 ς
1426 2134 1502 2183 cui

160 2206 320 2246 tamen
421 2199 520 2263 egie
547 2200 770 2265 imposuit
793 2200 917 2249 Milo
936 2210 1102 2249 noster.
1146 2202 1276 2249 Nam
1299 2199 1379 2246 ille
1398 2199 1501 2246 vin-

151 2262 253 2311 ·dex
273 2214 583 2326 giffitorum
604 2274 648 2312 et
667 2265 986 2313 bestiariorum
1007 2271 1179 2313 emerat
1198 2264 1258 2311 de
1279 2262 1503 2311 Cosconio

159 2334 209 2375 et
243 2328 505 2393 Pomponio
531 2329 803 2387 bestiariosg
845 2344 930 2378 nec
959 2330 1059 2377 sine
1088 2329 1161 2376 his
1193 2327 1381 2375 armatis
1413 2339 1504 2373 un-

163 2406 311 2456 quam
330 2393 381 2440 in
402 2394 589 2457 publico
608 2393 772 2443 fuerat.
803 2394 909 2442 Hos
925 2394 1046 2442 alere
1066 2407 1159 2440 non
1179 2398 1357 2455 poterat
1374 2407 1389 2436 ε
1417 2388 1504 2437 ita-

162 2471 258 2520 que
277 2458 360 2505 vix
380 2460 579 2507 tenebat·
616 2459 769 2507 Sensit
789 2458 914 2509 Milo
928 2475 943 2506 ε
969 2458 1094 2505 dedit
1115 2456 1298 2505 cuidam
1318 2467 1412 2502 non
1434 2453 1505 2501 fs-

165 2520 338 2570 miliari
371 2523 626 2587 negotium,
649 2522 733 2588 qui
768 2523 866 2572 sine
904 2539 957 2572 su
1011 2522 1365 2579 idoneemeret
1402 2532 1506 2565 eam

165 2584 395 2634 familiam
424 2603 454 2635 a
479 2588 654 2636 Catone
667 2605 682 2635 ε
718 2604 824 2652 quae
860 2588 982 2636 simu
1029 2594 1166 2650 atque
1194 2582 1391 2632 abducta
1419 2588 1505 2642 est,

162 2649 390 2709 Racilius,
414 2651 496 2716 qui
517 2666 639 2700 unus
660 2661 729 2703 est
757 2652 846 2702 hoc
866 2660 1072 2716 tempore
1098 2650 1312 2698 tribunus
1339 2646 1505 2721 plebis,

157 2726 259 2764 rem
289 2716 523 2779 patefecit,
556 2733 730 2781 eosque
755 2716 965 2765 homiues
994 2715 1081 2764 sibi
1101 2722 1247 2765 emtor
1264 2727 1363 2762 esse
1383 2709 1503 2759 dixit

1030 2782 1062 2826 2
1081 2791 1119 2826 n
1145 2780 1178 2825 3
