1784 3009
496 161 599 212 AD
628 162 948 212 BRUTUM.
977 139 1235 211 Enim.
1428 162 1523 212 351

425 288 534 354 (e.)
577 290 855 341 BRUTUS
888 290 1223 340 cmnnom
1255 290 1306 339 s.

260 419 651 482 (Argumentum.
665 448 732 458 —-
747 421 1017 485 Respondet
1051 420 1254 483 epistolae
1280 418 1500 483 superiori
1513 435 1531 466 ε

191 482 422 547 Glycona,
453 485 686 534 medicum
703 485 883 544 Pansae,
914 496 969 533 ut
989 501 1015 533 e
1035 484 1240 533 custodia
1260 484 1438 547 eripiat,
1453 497 1529 530 ro·

191 556 303 610 gat3
340 549 576 611 Flavium,
591 550 674 614 qui
687 566 795 598 cum
807 549 1144 614 Dyrrhachinis
1162 549 1294 599 litem
1314 548 1533 607 habebat,

190 613 486 662 commendat
499 631 516 672 ς
550 623 613 676 et,
629 615 688 663 de
700 615 948 663 Dolabella
961 614 1123 678 fugato
1138 628 1359 677 caesoque,
1374 611 1534 661 certio-

193 692 293 725 rem
313 677 463 740 facit)

255 806 373 854 Noli
392 815 667 871 exspectare,
691 807 807 855 dum
838 807 924 855 tibi
1026 807 1116 856 tias
1136 823 1287 871 agam.
1321 806 1532 870 Jampri-

189 869 303 918 dem
337 871 426 919 hoc
456 887 515 919 ex
543 870 702 920 nostra
720 872 943 920 necessita
978 873 988 884 ‘
1025 888 1068 933 e,
1091 889 1198 936 quae
1217 871 1277 919 ad
1297 886 1531 920 summam

187 935 555 984 benevolentiam
576 936 799 1000 pervenit,
828 938 1064 984 sublatum
1085 952 1181 985 esse
1200 936 1349 986 debet.
1383 936 1533 983 Filius

188 1007 302 1047 tuus
323 1015 353 1046 a
372 1014 449 1047 me
470 1003 611 1049 abest.
645 1001 707 1048 In
728 1000 1006 1050 Macedonia
1025 1001 1384 1064 congrediemur.
1418 1001 1455 1048 J
1456 1017 1534 1048 us-

188 1078 272 1111 sus
294 1071 363 1111 est
383 1065 507 1112 enim
527 1065 783 1113 Ambracia
810 1065 977 1114 ducere
1001 1066 1176 1129 equites
1196 1081 1279 1129 per
1299 1065 1533 1113 Thessali-

188 1142 303 1185 επις
339 1136 386 1176 et
406 1129 563 1193 scripsi
582 1129 642 1177 ad
664 1144 789 1188 eum,
819 1139 875 1178 ut
893 1130 1013 1178 mihi
1034 1130 1308 1178 Heracleam
1328 1145 1535 1178 occurre-

188 1200 277 1239 ret.
313 1193 439 1241 Cum
452 1208 561 1241 eum
574 1194 745 1253 videro,
759 1195 982 1257 quoniam
1003 1195 1134 1242 nobis
1155 1194 1534 1257 permittis,com-

185 1255 397 1304 munitet
418 1258 745 1307 constituemus
765 1258 824 1305 de
856 1259 1006 1306 reditu
1034 1260 1134 1319 ejus
1155 1258 1217 1306 ad
1245 1257 1530 1322 petitionem,

189 1328 276 1368 aut
296 1320 356 1368 ad
377 1323 819 1372 commendationem
835 1322 1034 1370 honoris.

258 1384 375 1433 Tibi
431 1386 657 1451 Glycona,
700 1387 936 1435 medicum
978 1386 1160 1445 Pansae,
1210 1384 1294 1460 qui
1334 1398 1533 1433 sororem

187 1449 427 1498 Achilleos
446 1453 590 1500 nostri
608 1453 658 1498 in
684 1450 978 1499 matrimonio
1002 1450 1156 1508 habet,
1187 1448 1534 1512 diligentissime

186 1515 477 1563 commendo.
510 1516 767 1577 AudimuS,
804 1531 916 1564 eum
936 1514 1112 1563 venisse
1145 1515 1196 1561 in
1230 1512 1533 1576 suspicionem
1591 1536 1596 1541 ·

189 1577 434 1642 Torquato
454 1579 513 1627 de
531 1589 679 1629 morte
700 1581 884 1638 Pansae,
915 1579 1239 1643 custodirique,
1271 1587 1328 1625 ut
1348 1577 1536 1641 parrici-

186 1641 318 1690 dam.
352 1644 492 1691 Nihil
509 1644 665 1694 minus
684 1644 966 1694 credendum
987 1652 1069 1692 est.
1101 1644 1223 1703 Quis
1244 1643 1368 1691 enim
1386 1643 1536 1702 majo-

185 1722 291 1756 rem
312 1708 617 1757 calamitatem
636 1719 784 1759 morte
800 1709 968 1757 Pansae
982 1707 1154 1771 accepit
1172 1711 1194 1756 ἲ
1229 1707 1455 1755 Praeterea
1467 1717 1535 1754 eet

186 1771 426 1820 modestus
453 1773 611 1833 homo,
635 1783 681 1822 et
706 1772 861 1836 frugi3
898 1788 1040 1836 quem
1062 1787 1121 1821 ne
1148 1772 1324 1820 utilitas
1344 1770 1533 1835 quidem

185 1835 401 1883 videatur
433 1836 499 1884 im
532 1839 691 1886 ulsura
724 1838 867 1885 fuisse
905 1837 966 1885 ad
998 1837 1191 1885 facinus.
1231 1837 1367 1900 Rogo
1397 1844 1459 1894 te,
1487 1843 1534 1883 et

190 1899 383 1963 quidem
405 1902 480 1950 val
513 1918 538 1955 e
559 1918 687 1966 rogo,
719 1905 852 1957 (nam
871 1902 1114 1950 Achilleus
1141 1910 1294 1950 noster
1320 1915 1414 1949 non
1443 1900 1534 1948 mi-

188 1978 299 2020 nus,
324 1980 467 2027 quam
489 1983 677 2030 aequum
700 1975 784 2024 est,
807 1967 1005 2026 laborat)
1028 1966 1191 2030 eripias
1212 1983 1321 2015 eum
1342 1982 1401 2015 ex
1431 1981 1534 2014 cus-

186 2028 335 2089 todia,
357 2045 695 2095 conservesque.
730 2031 837 2079 Hoc
853 2046 938 2094 ego
957 2031 1018 2079 ad
1031 2047 1193 2080 meum
1212 2032 1419 2081 officium
1439 2030 1535 2094 pri-

188 2100 404 2141 vatarum
425 2110 581 2143 rerum
603 2111 749 2160 aeque,
773 2097 1072 2160 atqueullam
1094 2096 1235 2145 aliam
1255 2112 1371 2157 rem,
1393 2092 1535 2159 perti*

187 2170 301 2204 nere
320 2159 528 2207 arbitror.

256 2222 382 2270 Cum
402 2223 486 2271 has
508 2223 568 2271 ad
589 2232 634 2271 te
654 2224 895 2273 scriberem
915 2225 1086 2285 literas,
1109 2227 1170 2272 ab
1195 2223 1360 2281 San-iu,
1381 2222 1535 2284 legato

189 2283 250 2333 C.
272 2286 512 2346 Trebonii‚
549 2287 729 2335 reddita
760 2297 829 2337 est
862 2290 982 2337 mihi
1014 2289 1223 2352 epistola,
1255 2303 1285 2335 a
1308 2285 1454 2332 Tillio
1488 2294 1534 2332 et

186 2348 425 2411 Deiotaro,
444 2351 736 2403 Dolabellam
749 2368 918 2400 caesum
934 2353 1240 2415 fugatumque
1255 2364 1363 2397 esse.
1400 2348 1533 2395 Grae-

189 2429 295 2462 cam
315 2415 556 2490 epistolam
573 2417 660 2464 tibi
678 2416 1015 2481 misiCycherei
1036 2415 1293 2478 cujusdam,
1310 2413 1371 2461 ad
1392 2412 1538 2460 Satri-

188 2494 273 2526 um
294 2494 499 2528 missam.

253 2543 444 2593 Flavius
464 2553 632 2607 noster,
662 2545 720 2594 de
747 2544 1053 2595 controversia
1085 2558 1227 2608 quam
1256 2542 1396 2589 habet
1423 2555 1531 2588 cum

187 2605 523 2670 Dyrrhachinis
542 2609 893 2670 haereditariam,
918 2609 1083 2657 sumsit
1110 2617 1156 2659 te
1172 2606 1391 2669 judicem.
1433 2605 1533 2656 Ro..

184 2686 247 2735 go
268 2681 330 2732 te,
354 2674 529 2735 Cicero,
548 2682 600 2724 et
621 2674 813 2724 Flavius
834 2682 983 2740 rogat,
1007 2688 1105 2722 rem
1127 2671 1355 2722 conficias.
1401 2669 1533 2730 Quin
