1784 3009
407 616 496 677 M.
536 615 808 679 TULLII
849 614 1276 679 CICERONIS

503 780 1177 847 EPISTOLARUM

614 922 730 1000 AD'
745 950 1074 1001 A'r'rmtm

663 1101 850 1150 Imma
882 1099 1000 1150 XV.

744 1284 930 1332 -φ-ε·

571 1447 1103 1499 ARGUMENTUM.

167 1581 298 1630 Non
319 1578 456 1628 valde
475 1575 686 1626 differens
714 1586 782 1626 est
814 1577 924 1626 libri
954 1577 1095 1638 hujus
1114 1584 1438 1640 argumentum
1469 1593 1501 1627 a

169 1643 412 1708 superioris
440 1641 677 1689 sententia.
724 1643 915 1705 Scriptae
951 1641 1076 1689 enim
1113 1641 1312 1704 epistolae
1344 1657 1502 1691 omnes

166 1717 292 1768 sunt,
316 1723 426 1756 cum
442 1705 592 1753 adhue
607 1706 772 1753 Romae
785 1706 968 1769 negotia
983 1714 1227 1765 tumerent,
1240 1705 1501 1754 Antonius-

170 1788 258 1836 que
291 1781 339 1820 et
359 1770 580 1820 Octavius
615 1769 681 1816 ita
705 1769 861 1819 omnia
890 1769 1148 1829 miscerent,
1186 1777 1255 1828 ut,
1292 1770 1503 1834 quamvis

171 1850 318 1899 neque
352 1836 489 1898 plane
516 1833 692 1881 bellum
721 1848 871 1897 neque
889 1849 985 1898 pax
1007 1841 1140 1895 esset,
1173 1842 1409 1908 appareret
1428 1843 1499 1882 ta-

171 1914 295 1957 men,
316 1914 416 1946 rem
437 1897 497 1945 ad
517 1913 644 1944 anna
663 1897 913 1946 deductum
931 1898 1002 1945 iri.
1039 1897 1149 1956 Quo
1170 1899 1358 1962 quidem
1379 1907 1498 1947 tem-

169 1979 277 2027 pore
298 1963 475 2021 Cieero‚
511 1960 597 2008 sibi
630 1961 813 2020 timens,
836 1962 1067 2024 simulque
1094 1961 1261 2022 filium,
1293 1963 1497 2011 Athenis

169 2027 468 2091 philosophiae
486 2041 670 2088 operam
691 2025 905 2086 dantem,
925 2025 1111 2106 cupiens
1132 2026 1353 2085 invisere3
1387 2042 1495 2076 cum

167 2092 244 2152 jus
275 2093 432 2138 liberae
462 2089 699 2152 legationis
720 2106 748 2136 a
770 2089 1034 2148 Dolabella,
1065 2092 1178 2144 (non
1212 2101 1366 2139 autem
1387 2107 1495 2154 pro-

171 2155 386 2212 vincialis,
409 2169 574 2217 nempe
594 2153 756 2216 Syme,
778 2162 832 2201 ut
849 2153 1097 2202 Plutarcho
1116 2155 1284 2219 placet)
1305 2155 1495 2203 haberet

172 2218 241 2282 (id
260 2219 384 2269 enim
407 2233 464 2266 ex
479 2218 552 2264 his
572 2217 771 2280 epistolis
790 2234 844 2266 ac
865 2217 1124 2282 Philippica
1144 2220 1296 2283 prima
1308 2234 1496 2281 eognos-

169 2284 319 2342 citur),
354 2283 440 2329 iter
469 2282 602 2344 coepit
631 2281 681 2327 in
716 2282 958 2341 Graeciam,
982 2298 1035 2329 eo
1065 2282 1269 2341 consilio,
1308 2290 1362 2328 ut
1391 2282 1493 2329 Cal.

167 2340 202 2394 J
203 2347 396 2393 armariis
417 2345 606 2404 adesset,
624 2345 748 2408 quod
768 2346 952 2393 initium
973 2346 1162 2407 eogendi
1177 2347 1356 2392 senatus
1372 2343 1484 2407 fore,

168 2410 320 2465 Hirtio
345 2419 391 2459 et
428 2411 582 2457 Pansa
606 2410 893 2459 consulatum
923 2409 1202 2467 ineuntibus,
1242 2407 1492 2455 videbatur.

168 2470 296 2525 Dum
309 2490 414 2524 vero
429 2490 531 2536 spes
551 2472 707 2536 aliqua
725 2474 969 2522 meliorum
989 2487 1143 2520 rerum
1163 2471 1269 2530 fuit,
1292 2470 1492 2521 Brutus.

167 2554 255 2603 que
273 2547 318 2588 et
340 2537 543 2596 cassius,
565 2546 777 2601 praetoree
799 2537 981 2597 urbani,
1009 2535 1176 2599 quibus
1196 2533 1400 2581 maxime
1419 2549 1491 2582 re-

167 2602 428 2667 cuperandoe
453 2602 589 2666 Reip.
611 2601 726 2649 ratio
756 2602 1004 2660 nitebatur,
1038 2599 1077 2649 si
1110 2611 1203 2644 non
1224 2597 1406 2655 Romae,
1437 2596 1488 2646 in

164 2667 382 2732 proximis
410 2676 565 2715 tamen
592 2666 719 2725 locis,
753 2667 1033 2728 manebant3
1066 2676 1237 2728 perque
1260 2660 1413 2709 literas
1443 2670 1489 2711 et
