1784 3009
343 214 452 264 AD
484 214 547 277 Q.
582 218 944 271 FRATREM.
979 222 1100 271 1111.
1125 223 1226 273 HI.
1253 226 1295 277 l.
1392 222 1489 281 327

152 346 305 403 tuam,
344 360 488 408 quam
528 349 669 411 paulo
714 358 822 398 ante
861 359 1110 415 acceperat,
1152 353 1491 416 Aristophaneo

153 407 313 468 modo,
350 411 483 458 valde
521 413 827 476 (mehercule)
877 424 924 463 et
958 430 1146 464 suavem
1183 425 1231 464 et
1271 424 1490 481 gravem}

155 470 250 533 qua
269 488 377 520 sum
406 475 658 524 admodum
678 478 942 528 delectatus.
975 480 1121 529 Dedit
1140 482 1281 529 etiam
1302 483 1494 530 alteram

151 534 288 583 illam
308 538 442 598 mihi,
466 542 562 603 qua
582 543 720 603 jubes
741 560 850 591 eum
878 545 997 592 mihi
1024 561 1120 601 esse
1139 545 1351 607 affixum,
1373 554 1494 595 tam-

157 615 304 662 quam
331 605 568 666 magistro.
598 607 758 665 Quam
785 609 923 655 illum
953 610 1154 672 epistolae
1177 610 1272 657 illae
1295 611 1496 660 delecta-

155 666 303 712 runt!
328 683 472 730 quam
485 670 593 718 me!
621 671 756 719 Nihil
772 686 916 736 puero
936 674 1017 722 illo
1030 675 1232 736 suavius,
1249 675 1368 723 nihil
1388 691 1494 724 nos-

155 729 217 775 tri
245 732 492 781 amantius.
527 735 646 783 Haee
673 736 793 784 inter
822 753 999 786 ooenam
1027 739 1193 787 Tironi
1223 740 1407 800 dictavi,
1434 756 1493 790 ne

154 793 323 841 mirere
342 795 433 844 alia
452 814 595 847 manu
617 815 728 848 esse.

219 860 403 908 Annali
433 863 577 911 literae
597 872 691 912 tuae
717 875 940 930 pergratae
959 868 1163 928 fuerunt,
1194 869 1320 933 quod
1341 878 1388 917 et
1412 885 1493 918 cu-

152 936 281 969 rares
299 924 360 971 de
380 941 430 973 se
458 927 714 991 diligenter,
745 940 791 978 et
817 926 975 980 tamen'
1003 933 1189 981 oonsilio
1206 934 1493 983 severissimo

147 985 354 1045 juvares.
390 991 447 1037 P.
486 993 705 1041 Servilius
738 1004 883 1059 pater,
923 1013 981 1045 ex
1013 997 1157 1046 literis
1193 1014 1309 1061 quas
1345 998 1432 1047 sibi
1457 1014 1495 1062 ¹a

156 1049 343 1100 Caesare
375 1056 539 1104 missas
567 1073 663 1106 esse
688 1059 882 1121 dicebat,
915 1061 1141 1124 significat
1168 1062 1301 1111 valde
1329 1072 1376 1110 te
1403 1064 1491 1111 sibi

153 1123 347 1176 gratum
382 1118 555 1179 fecisse,
582 1123 708 1185 quod
734 1123 793 1171 de
821 1126 907 1173 sua
937 1128 1175 1174 voluntate
1205 1143 1314 1190 erga
1339 1128 1493 1175 Caesa-

151 1192 254 1226 rem
275 1182 606 1233 humanissime
622 1187 1057 1253 diligentissimeque
1076 1191 1256 1238 locutus
1277 1207 1407 1240 esses.

222 1243 351 1293 Cum
385 1248 588 1297 Romam
621 1267 680 1299 ex
714 1253 937 1316 Arpinati
980 1255 1279 1313 revertissem,
1318 1255 1494 1304 dic'tum

152 1308 275 1355 mihi
302 1318 387 1371 est,
411 1313 765 1377 Hippodamum
792 1318 853 1364 ad
882 1327 928 1365 te
954 1317 1211 1380 profectum
1240 1333 1349 1367 esse.
1384 1321 1494 1367 Non¹

153 1387 347 1435 pomum
365 1377 575 1439 seribere,
597 1396 674 1428 me
693 1382 914 1429 miratum
936 1397 1050 1440 esse,
1072 1382 1209 1429 inum
1237 1389 1335 1429 tam
1355 1383 1495 1430 inhu-

151 1439 358 1486 maniter
376 1440 544 1497 fecisse,
569 1452 622 1492 ut
649 1445 748 1493 sine
775 1446 891 1493 meis
920 1446 1062 1493 literis
1082 1446 1143 1492 ad
1170 1455 1217 1494 te
1243 1446 1495 1508 proficisce-

151 1510 317 1550 retur=
364 1504 483 1553 illud
525 1508 687 1567 scribo,
731 1510 851 1556 mihi
892 1511 1140 1558 molestum
1180 1510 1336 1558 fuisse.
1378 1511 1492 1558 Jam

153 1566 281 1613 enim
303 1567 385 1615 diu
406 1571 726 1633 cogitaveram,
749 1590 807 1622 ex
830 1590 884 1623 eo
909 1575 1034 1638 quod
1055 1583 1108 1623 tu
1128 1575 1189 1622 ad
1208 1580 1286 1623 me
1307 1574 1495 1638 scripse-‘-

153 1644 247 1688 ras,
272 1639 344 1692 ut,
377 1634 417 1680 si
437 1635 550 1697 quid
572 1647 687 1685 esset
714 1639 841 1702 quod
860 1640 922 1686 ad
943 1648 989 1687 te
1009 1639 1274 1702 diligentius
1305 1640 1494 1703 perferri

152 1695 342 1754 vellem,
376 1698 446 1745 illi
482 1699 639 1748 darem
656 1720 672 1749 ε
706 1703 832 1767 quod
868 1705 1167 1763 (mehercule)
1202 1705 1325 1752 hisce
1351 1704 1494 1753 literis
1535 1718 1542 1725 ’

154 1773 274 1821 quas
292 1762 435 1825 vulgo
455 1764 521 1811 ad.
536 1773 583 1813 te
601 1766 753 1825 mitto,
777 1767 893 1814 nihil
922 1768 1017 1816 fere
1038 1769 1201 1828 scribo,
1224 1768 1350 1832 quod
1371 1769 1410 1816 si
1441 1769 1492 1816 in

149 1823 352 1886 aliquus
374 1842 540 1877 manus
561 1830 785 1890 inciderit,
811 1833 1002 1881 moleste
1022 1833 1262 1881 ferendum
1284 1834 1357 1881 sit.
1391 1834 1491 1882 Mi-

153 1888 294 1936 nucio
309 1904 402 1951 me,
421 1901 467 1940 et
488 1894 658 1955 Salvi0,
681 1903 728 1943 et
748 1896 972 1958 Labeoni,
995 1901 1296 1946 reservabam.
1330 1899 1491 1948 Labeo

149 1960 238 2000 aut
259 1954 390 2003 tarde
415 1958 739 2020 proficiscetur,
766 1969 851 2008 aut
883 1961 963 2010 hic
991 1964 1213 2011 manebit.
1245 1964 1492 2028 Hippoda-

153 2031 264 2064 mus
294 2026 355 2067 ne
385 2035 510 2069 nunc
534 2024 741 2086 quidem,
763 2026 878 2089 quid
910 2027 1066 2087 velim,
1089 2029 1281 2092 rogavit.
1320 2030 1381 2077 Τ.
1405 2031 1488 2078 Pi-

153 2083 314 2130 narius
358 2087 579 2136 amabiles
624 2089 684 2136 ad
720 2104 797 2136 me
838 2090 898 2138 de
929 2100 975 2139 te
1016 2092 1170 2141 literas
1215 2094 1360 2142 mittit
1378 2112 1392 2141 ε
1441 2111 1490 2143 se

152 2146 363 2196 maxime
381 2149 540 2211 literis,
563 2154 863 2210 sermonibus,
894 2156 1032 2203 coenis
1052 2157 1266 2220 denique,
1297 2159 1390 2206 tuis
1410 2158 1491 2206 de-

149 2211 329 2258 lectari.
362 2211 412 2260 Is
445 2215 587 2264 homo
625 2233 801 2281 semper
836 2234 914 2266 me
951 2220 1223 2277 delectavit3
1261 2221 1492 2283 fraterque

152 2276 255 2334 ejus
275 2291 460 2325 mecum
483 2289 550 2327 est
569 2281 805 2330 multum:
840 2299 998 2346 quare,
1022 2293 1077 2332 ut
1096 2284 1347 2344 instituisti,
1366 2299 1490 2331 com-

147 2337 349 2403 plectere
369 2342 712 2393 adolescentem.
1402 2374 1413 2387 ι

216 2405 343 2453 VII.
380 2407 522 2466 Quod
559 2412 730 2458 multos
764 2411 864 2459 dies
902 2412 1141 2476 epistolam
1183 2411 1233 2459 in
1273 2411 1490 2460 manibus

148 2468 314 2529 habui,
350 2482 536 2536 propter
563 2477 966 2525 commorationem
1001 2475 1358 2535 tabellariorum,
1388 2475 1493 2524 ideo

149 2535 307 2582 multa
326 2538 531 2597 conjecta
559 2547 684 2601 sunt,
710 2541 838 2588 aliud
871 2541 963 2588 alio
991 2552 1212 2603 tempore,
1239 2541 1367 2588 velut
1385 2540 1487 2589 hoc.

69 2604 78 2611 '
150 2597 217 2647 Τ.
240 2599 441 2648 Anicius
460 2602 578 2650 mihi
606 2620 726 2668 saepe
742 2607 841 2666 jam
862 2606 999 2664 dixit,
1022 2616 1121 2652 sese
1140 2604 1242 2666 tibi,
1264 2606 1489 2654 suburba-

150 2677 273 2711 num
292 2663 333 2710 si
349 2666 476 2729 quod
489 2667 749 2729 invenisset,
767 2684 861 2716 non
876 2670 1195 2718 dubitaturum
1213 2684 1310 2718 esse
1326 2683 1494 2720 emere.
1570 2690 1581 2697 ·

153 2724 213 2773 In
245 2729 347 2789 eJus
380 2745 587 2779 sermone
617 2748 700 2795 ego
734 2742 986 2798 utrumque
1011 2734 1132 2781 soleo
1160 2733 1409 2791 admirari3
1446 2745 1493 2783 et
