1784 3009
366 190 472 239 AD
501 189 845 241 A'r'rmmn.
880 195 1003 243 ιη.
1026 195 1181 244 xm.
1215 198 1296 244 ιιι.
1417 178 1509 245 ισϋ

430 302 579 385 (40.)
617 304 871 372 c‘mmzo
903 321 1171 372 A'r'rlco
1203 325 1254 372 ει

231 449 375 499 Itane
387 450 571 498 nuntiat
585 450 779 513 Brutus,
799 453 936 500 illum
949 453 1009 501 ad
1024 438 1169 501 bonos
1181 439 1301 500 viros
1317 451 1343 497 ⁰?
1376 457 1513 509 Ευαγ-

160 523 329 570 ysara:
366 513 447 562 sed
483 515 566 562 ubi
606 519 724 564 eos?
757 517 846 565 nisi
881 517 1000 565 forte
1037 534 1086 566 se
1128 516 1377 580 suspendit.
1413 515 1516 563 Hic

165 587 332 627 autem
354 588 410 627 ut
430 579 626 626 stultum
649 582 747 629 est!
782 582 880 630 Ubi
901 581 1044 644 igitur
1066 590 1369 644 φιλοτεχνημα
1390 579 1511 626 illud

66 696 80 707 .
161 651 324 701 tuum,
341 643 469 706 quod
481 643 575 691 vidi
594 645 643 691 in
660 646 968 706 Parthenone,
984 646 1191 695 Ahalam
1208 653 1253 693 et
1267 646 1473 692 Brutum
1485 646 1512 691 Ρ

163 707 262 754 Sed
284 708 402 770 quid
420 707 592 756 fadat?
626 709 754 757 Illud
775 710 964 774 optime,
995 715 1030 740 “
1047 711 1127 758 sed
1151 726 1210 758 ne
1230 710 1270 757 is
1299 709 1507 773 quidem,

161 771 251 833 qui
288 772 503 820 omnium
540 773 820 836 flagitiorum
854 784 1028 835 auctor,
1062 777 1180 823 bene
1211 774 1269 822 de
1302 772 1514 821 nostro.’'

163 840 241 882 At
262 851 350 899 ego
371 838 575 897 verebar,
599 853 658 885 ne
679 838 817 886 etiam
837 840 1016 887 Brutus
1037 854 1145 887 eum
1166 839 1405 902 diligeret:
1439 838 1509 885 ita

163 898 294 948 enim
329 899 609 964 significarat
628 901 701 962 iis,
732 918 847 966 quas
867 903 929 951 ad
948 919 1087 952 meas.
1120 904 1193 951 At
1225 904 1391 951 vellem
1423 902 1511 949 ali-

161 965 284 1026 quid
316 965 583 1028 degustasse
614 966 672 1014 de
705 966 887 1015 fabulis.
922 967 1014 1015 Sed
1042 983 1211 1027 coram,
1247 976 1302 1016 ut
1334 966 1506 1016 scribis.

160 1028 291 1087 Etsi,
338 1029 456 1093 quid
491 1032 562 1078 mi
605 1040 762 1078 auctor
803 1032 885 1080 es?
917 1032 1154 1094 advolone‚
1197 1047 1258 1079 an
1299 1047 1465 1079 maneo
1483 1033 1509 1079 ἒ

163 1092 407 1157 Equidem
444 1103 490 1142 et
521 1094 573 1142 in
605 1095 737 1143 libris
764 1095 931 1155 haereo,
962 1105 1008 1144 et
1031 1097 1167 1144 illum
1195 1097 1274 1144 hic
1299 1096 1509 1159 excipere

161 1158 275 1206 nolo
293 1176 308 1206 ε
344 1158 406 1206 ad
427 1174 586 1222 quem,
609 1167 664 1207 ut
678 1160 831 1221 audio,
848 1169 980 1225 pater
993 1162 1129 1209 hodie
1144 1161 1204 1208 ad
1219 1162 1343 1209 Saxa
1356 1162 1508 1208 Acro-

161 1236 321 1270 noma.
356 1223 560 1283 Mirum,
583 1239 726 1298 quam
746 1225 961 1274 inimicus
993 1226 1124 1282 ibat3
1166 1233 1222 1272 ut
1243 1241 1328 1287 ego
1348 1226 1508 1286 objur-

159 1288 467 1426 εξεζὲᾱ
488 1303 685 1416 {effi
696 1289 1391 1408 :53355320122353322
1406 1288 1508 1410 352:

160 1429 261 1464 cras
281 1432 323 1465 si
342 1417 543 1481 perspici
561 1417 809 1480 potuerint,
829 1432 968 1465 mane
989 1417 1143 1465 statim
1165 1425 1221 1464 ut
1240 1416 1395 1464 sciam.

429 1607 573 1673 (41.)
609 1607 865 1658 CICERO
898 1606 1165 1656 Arr1co
1196 1578 1248 1655 s.

224 1736 336 1800 Ego
355 1751 465 1785 vero
485 1736 671 1796 Quinto
686 1737 927 1801 epistolam
946 1738 1006 1785 ad
1027 1751 1226 1785 sororem
1237 1735 1358 1784 misi.
1379 1734 1505 1785 Cum

161 1800 241 1849 ille
260 1810 531 1865 quereretur
551 1803 647 1850 filio
675 1817 783 1850 cum
799 1810 953 1851 matre
972 1803 1165 1858 bellum,
1189 1808 1235 1849 et
1254 1816 1302 1849 se
1321 1803 1382 1849 ob
1403 1800 1506 1849 eain

164 1879 353 1913 causam
364 1865 505 1915 domo
521 1881 755 1915 cessurum
772 1866 867 1914 fflio
879 1867 1048 1914 diceret
1065 1883 1081 1923 ς
1114 1865 1213 1914 dixi
1228 1866 1364 1914 illum
1380 1882 1506 1915 com-

165 1929 330 1978 modas
350 1929 412 1978 ad
431 1938 629 1979 matrem
649 1930 820 1990 literas,
842 1931 903 1978 ad
924 1939 970 1979 te
991 1931 1157 1979 nullas.
1192 1931 1283 1980 Ille
1303 1932 1505 1980 alterum

165 1994 454 2051 mirabatu13
489 1994 548 2042 de
578 2005 625 2044 te
649 2004 805 2042 autem
831 2011 965 2043 suam
993 1996 1195 2059 culpam,
1229 1997 1355 2061 quod
1383 2012 1506 2073 saepe

165 2059 369 2121 graviter
389 2059 621 2123 adfilium
642 2058 888 2122 scripsisset
909 2060 966 2108 de
986 2060 1070 2108 tua
1088 2061 1140 2109 in
1160 2061 1296 2109 illum
1310 2059 1503 2124 injurii.

166 2123 313 2183 Quod
333 2132 489 2172 autem
521 2124 796 2188 relanguisse
821 2139 870 2172 se
902 2124 1029 2184 dicit,
1052 2141 1136 2189 ego
1165 2126 1224 2184 ei,
1248 2126 1341 2174 tuis
1361 2125 1506 2174 literis

164 2188 295 2237 lectis
319 2195 507 2242 σκολιας
529 2207 722 2247 απατας,
746 2188 995 2252 significavi
1015 2205 1092 2238 me
1111 2204 1205 2238 non
1227 2190 1337 2238 fore·
1371 2189 1505 2239 Tum

167 2252 295 2301 enim
313 2252 491 2300 mentio
512 2253 669 2301 Canae.
704 2253 931 2312 Omnino,
954 2254 993 2301 si
1020 2254 1070 2302 id
1091 2255 1334 2303 consilium
1353 2254 1507 2316 place,-

165 2324 253 2374 ret,
276 2324 393 2365 esset
414 2331 607 2365 necesse.
642 2318 732 2365 Sed
763 2319 841 2382 (ut
860 2317 1040 2380 scribis)
1063 2319 1179 2366 ratio
1210 2325 1279 2364 est
1296 2310 1510 2363 habenda

167 2381 405 2447 gravitatis
423 2397 439 2437 ς
474 2389 520 2429 et
534 2381 774 2445 utriusque
785 2384 993 2430 nostrum
1007 2383 1133 2430 idem
1149 2380 1391 2439 consilium
1408 2390 1510 2425 esse

167 2444 304 2492 debet
319 2463 334 2493 ε
369 2445 455 2493 etsi
474 2446 524 2493 in
539 2461 617 2493 me
629 2447 855 2508 graviores
869 2446 1070 2507 injuriae,
1089 2455 1135 2492 et
1155 2452 1274 2492 certe
1291 2442 1503 2488 notiores.

168 2508 221 2558 Si
242 2524 348 2556 vero
367 2509 509 2557 etiam
530 2511 719 2568 Brutus,
733 2510 911 2574 aliquid
931 2510 1106 2568 afferet,
1129 2507 1260 2554 nulla
1279 2504 1509 2577 dubita-tio

167 2580 251 2621 est.
283 2573 376 2621 Sed
397 2589 550 2621 coram
568 2592 582 2621 ε
618 2589 790 2637 magna
817 2574 944 2622 enim
965 2588 1056 2630 ree,
1086 2578 1132 2617 et
1150 2569 1314 2616 multae
1333 2574 1511 2615 cautio·

166 2637 256 2685 nis.
293 2636 412 2687 Cras
433 2637 575 2700 igitur
594 2655 610 2694 ς
645 2639 734 2686 nisi
754 2637 869 2703 quid
890 2652 921 2684 a
939 2644 986 2684 te
1005 2634 1300 2683 commeatus.

236 2700 443 2765 (Epist.)
470 2715 598 2750 vor„
626 2715 715 2750 111.
1148 2709 1186 2744 Q
