1784 3009
387 188 488 248 A‘D
511 192 852 248 ATTICUM.
885 197 1006 246 111⁸.
1026 192 1184 248 xm.
1211 196 1291 247 25.
1417 196 1511 254 157

444 328 584 388 (24.)
616 326 871 377 CICERO
903 326 1170 377 A'Prlco
1206 327 1255 375 S·

237 456 369 518 Quid
390 465 477 515 est,
499 457 626 521 quod
642 456 961 520 Hermogenes
975 455 1094 503 mihi
1106 454 1314 512 Clodius,
1333 454 1516 503 Andro-

168 537 355 571 menem
376 521 469 570 sibi
489 521 677 578 dixisse,
700 537 749 569 se
774 522 1045 569 Ciceronem
1066 520 1232 568 vidisse
1262 520 1488 595 Corqyrae
1490 523 1514 567 ?

169 602 256 649 ego
276 586 404 635 enim
426 584 586 632 audita
613 584 697 633 tibi
717 586 948 648 putaram.
988 585 1076 632 Nil
1103 584 1244 647 igitur
1262 599 1324 632 ne
1345 585 1387 631 ei
1403 583 1514 659 qui-

167 649 572 703 demlitemum⁹
607 664 668 697 an
688 664 781 697 non
803 649 961 697 vidit?
994 648 1129 696 facies
1150 663 1258 711 ergo
1279 657 1333 696 ut
1354 647 1511 696 sciam.

167 715 298 774 Quid
317 714 408 763 tibi
410 729 517 788 ‚ego
536 713 595 761 de
606 714 817 761 Varrone
835 712 1080 761 rescribam
1095 715 1118 761 P
1141 719 1404 787 quatuor
1370 713 1404 758 8
1410 710 1513 774 φθε-

166 797 208 839 ρι
212 797 252 824 αι
275 787 388 826 sunt
406 778 457 824 in
482 778 569 825 tua
592 786 843 841 potestate.
878 777 1005 840 quod
1034 777 1194 840 egeris,
1220 777 1270 825 id
1289 777 1509 852 probabo.

168 843 269 891 Nec
301 851 463 890 tamen
497 842 605 887 αιὸεο
567 861 689 902 εοιμα
718 849 843 901 Τρωα
849 858 898 894 ς.
943 841 1057 904 quid
1080 841 1255 889 enim?
1286 841 1384 900 sed,
1419 841 1508 904 ipsi

167 905 517 982 qusmresills·
538 907 825 980 probaretur,
852 906 1223 968 magisverebsr.
1261 906 1508 969 Sed,quo-

170 971 297 1020 niam
319 980 375 1019 tu
397 969 607 1034 suscipiS‚
630 970 679 1016 in
701 970 890 1018 alteram
912 984 1087 1019 aurem.

426 1163 567 1231 (25.)
611 1163 868 1215 CICERO
902 1165 1164 1216 A'r'rlco
1196 1167 1245 1216 s.

218 1296 298 1345 De
317 1295 591 1355 retentione,
623 1295 831 1372 rescripsi
862 1295 925 1343 sd
951 1303 1058 1343 tuas
1085 1304 1293 1344 accurate
1312 1297 1502 1361 scriptas

160 1360 327 1409 literas.
366 1358 593 1409 conficies
620 1360 781 1435 igitur,
805 1366 851 1407 et
871 1359 1061 1422 quidem
1083 1359 1179 1407 sine
1198 1360 1298 1407 ulla
1321 1361 1503 1408 dubita„-

159 1425 283 1474 tione
304 1433 390 1473 aut
410 1423 737 1472 retractatione.
782 1424 891 1472 Hoc
917 1423 1017 1471 fieri
1037 1432 1084 1472 et
1104 1431 1300 1486 oportet,
1322 1432 1368 1471 et
1387 1439 1504 1487 opus

160 1498 239 1538 est.
275 1489 356 1537 De
378 1488 694 1547 Andromene,
716 1496 771 1535 ut
785 1488 961 1547 scribis,
983 1488 1050 1536 ita
1063 1487 1309 1555 putaram.
1344 1489 1506 1536 scisses

159 1569 303 1666 ε’.ω’ῙΓΠιι
325 1522 773 1666 fflliiadgissede
786 1617 939 1666 Bruto
960 1617 1134 1676 scribis,
1158 1625 1214 1664 ut
1232 1617 1291 1664 de
1305 1624 1353 1664 te
1368 1616 1502 1665 nihil.

160 1680 367 1742 Quando
388 1690 546 1730 autem
561 1682 696 1731 illum
711 1690 848 1745 putas
864 1684 887 1730 ?
910 1697 1022 1730 nam
1037 1696 1123 1745 ego
1138 1682 1342 1731 Romam
1356 1680 1505 1745 pridie

159 1746 289 1796 Idus·
319 1746 475 1794 Bruto
506 1746 572 1794 ita
592 1745 717 1793 volui
748 1746 957 1806 scribere,
982 1747 1098 1807 (sed,
1122 1746 1342 1811 quoniam
1371 1754 1423 1793 tu
1455 1754 1504 1794 te

156 1811 334 1887 legisse
341 1810 518 1868 scribis,
543 1809 616 1857 fui
639 1810 827 1858 fortasse
855 1820 1004 1872 ασαφι
1011 1829 1090 1858 στι
1073 1808 1187 1874 ερος)
1220 1825 1298 1858 me
1326 1826 1384 1858 ex
1409 1811 1502 1862 tuis

105 1908 110 1915 -
155 1872 299 1924 literis
319 1874 616 1933 intellexisse,
642 1874 766 1922 nolle
785 1889 894 1922 eum
926 1889 1020 1934 me,
1043 1875 1176 1938 quasi
1196 1875 1501 1951 prosequendi

155 1940 228 1988 sui
248 1939 410 1997 causa,
438 1908 642 1987 Romar’n
667 1951 793 1987 nunc
812 1939 980 1987 venire.
1023 1940 1132 2000 Sed,
1160 1940 1380 2016 quoniam
1398 1942 1499 2004 jam

154 2005 283 2052 adest
301 2018 439 2051 meus
460 2003 700 2062 adventus,
726 2004 817 2062 fac,
838 2018 1013 2068 quaeso,
1035 2018 1095 2052 ne
1114 2005 1230 2069 quid
1250 2019 1359 2052 eum
1382 2006 1500 2054 Idus

390 2075 429 2127 t,
484 2067 700 2115 uominus
720 2083 804 2115 suo
825 2068 1096 2115 commodo
1081 2083 1129 2116 in
1146 2068 1412 2118 Tusculano
1424 2070 1499 2119 sit.

151 2133 256 2181 Nec
276 2132 407 2181 enim
509 2132 716 2179 tabulam
746 2147 854 2179 eum
887 2131 1223 2181 desideraturus
1249 2149 1390 2182 eram.
1435 2136 1497 2182 In

151 2196 610 2260 talienimnegotio,
633 2205 930 2247 curtuunus
958 2212 1051 2245 non
1079 2197 1303 2246 satises?
1337 2198 1499 2245 sedsd

149 2269 484 2313 testamentum
500 2261 740 2308 volebam.
775 2260 940 2337 quodj
942 2276 1019 2309 sm
1040 2262 1165 2309 malo
1185 2261 1276 2309 alio
1297 2261 1406 2336 dieg
1415 2275 1500 2336 ne

148 2327 211 2374 ob
233 2341 338 2374 eam
369 2340 556 2374 causam
585 2325 789 2373 Romam
809 2325 986 2373 venisse
1004 2326 1174 2374 videar.

147 2397 231 2438 tur
249 2390 311 2438 ed
330 2391 560 2447 Brutum,
579 2391 679 2451 jam
698 2389 834 2448 illud,
857 2389 984 2453 quod
1003 2390 1240 2454 putassem

148 2454 491 2519 hilopusesse.
526 2453 830 2529 Velimergo,
860 2462 1012 2501 totum
1042 2454 1132 2500 hoc
1159 2452 1227 2498 ita
1240 2387 1500 2524 gubernes,

152 2526 209 2567 ut
227 2534 288 2567 ne
308 2518 512 2567 minima
531 2517 722 2582 quidem
743 2533 794 2565 re
814 2517 916 2565 ulla
936 2514 1077 2565 Bruti
1096 2512 1422 2562 commodum
1407 2528 1500 2560 mi-

339 2599 412 2631 us.

217 2647 311 2696 Sed
332 2647 450 2711 quid
471 2655 540 2695 est
560 2646 762 2704 tandem,
786 2645 915 2720 quod
938 2640 1265 2714 perhonestum,
1287 2638 1398 2700 quia
1416 2645 1500 2685 tuo

150 2711 566 2776 periculojubeem
586 2710 677 2758 lil
677 2726 728 2758 s
756 2707 856 2757 dari
877 2700 1120 2755 varroni?
1154 2700 1291 2747 etiam
1316 2708 1440 2748 nune
1461 2700 1500 2747 si

211 2777 394 2838 (Epist.
397 2785 419 2835 )
452 2786 580 2824 vol,
607 2776 1170 2822 111.1'
