1784 3009
262 145 371 207 ¹288,
487 143 590 197 AD
620 143 685 204 Q.
706 141 1067 195 FRATREM.
1098 138 1222 193 Lm.
1246 145 1292 194 1.
1321 147 1371 192 2.

264 271 609 337 diligentissime
620 273 888 322 scribet-an:
911 271 1505 338 qmdfaeie‚'etteprorsus
1519 288 1604 322 ve-

263 335 500 386 hementer
512 337 648 385 etiam
661 345 800 400 atque
814 336 951 384 etiam
964 352 1091 400 rogo,
1105 345 1162 384 ut
1170 345 1217 385 et
1228 337 1608 400 procuratoribus

263 400 415 463 Flavii
435 402 638 449 remittas
657 402 715 449 de
732 400 1048 461 diminuendo,
1065 410 1110 449 et
1125 401 1183 450 de
1197 401 1599 465 Apollonidiensi-

263 466 352 513 bus
379 481 437 514 ne
469 465 583 528 quid
618 465 882 528 perscribas,
916 465 1040 528 quod
1069 472 1228 514 contra
1256 466 1478 513 Flavium
1501 465 1560 513 sit
1577 482 1595 512 ε

264 530 483 593 amplius,
515 538 560 577 et
588 529 738 576 Flavii
766 527 921 586 causa,
944 538 990 576 et
1009 529 1176 577 scilicet
1203 530 1435 592 Pompeii,
1459 529 1601 577 facias

264 594 434 641 omnia.
483 593 608 641 Nolo
630 593 828 647 (medius
844 592 1006 651 fidius)
1022 608 1081 640 ex
1093 593 1176 640 tua
1194 593 1367 654 injuria
1386 593 1439 640 in
1459 593 1600 640 illum

265 654 351 721 tibi
380 657 613 705 liberalem
642 672 718 703 me
754 657 899 704 videri
913 673 930 703 ε
961 656 1044 704 sed
1072 666 1118 713 et
1137 665 1190 704 te
1205 673 1303 716 oro,
1338 665 1394 704 ut
1422 666 1478 704 tu
1498 657 1599 720 ipse

264 721 580 769 auctoritatem
611 728 657 767 et
680 720 1020 781 monimentum
1039 720 1228 784 aliquod
1247 721 1418 769 decreti
1438 730 1523 769 aut
1540 722 1601 769 li-

261 792 464 832 terarum
484 793 670 832 tuarum
689 784 937 847 relinquas,
960 785 1086 848 quod
1106 786 1166 832 sit
1184 785 1244 832 ad
1265 785 1420 832 Flavii
1439 792 1602 833 remet

261 846 322 895 ad
334 863 518 895 causam
533 847 941 896 accommodatum.
964 849 1075 908 Fert
1090 849 1211 896 enim
1224 849 1425 912 graviter
1439 849 1600 908 homo,

263 920 309 959 et
328 912 421 959 mei
441 910 879 971 observantissimus,
893 921 941 960 et
951 912 1025 959 sui
1040 909 1158 973 juris
1178 912 1510 1024 dignitatisque
1529 929 1603 961 re-

261 975 427 1035 tinens,
447 985 499 1022 se>
509 975 633 1038 apud
648 984 694 1023 te
706 990 855 1038 neque
870 976 1073 1023 amicitia
1083 991 1233 1040 neque
1249 977 1355 1037 jure
1366 992 1426 1025 va
1445 978 1567 1025 uisse
1580 993 1597 1024 ε

263 1047 326 1097 et,
348 1048 403 1087 ut
422 1039 598 1103 opinor,
629 1039 779 1087 Flavii
797 1040 1054 1115 ,aliquando
1082 1056 1181 1088 rem
1210 1048 1256 1088 et
1277 1041 1533 1104 Pompeius
1556 1049 1601 1089 et

266 1099 422 1152 Caesar
442 1103 526 1151 tibi
546 1101 923 1155 commendarunt
940 1120 955 1151 ε
990 1112 1036 1151 et
1061 1104 1159 1167 ipse
1186 1104 1248 1152 ad
1276 1112 1324 1152 te
1359 1105 1608 1168 scripserat

264 1167 471 1227 Flavius,
490 1176 537 1229 et
550 1183 634 1230 ego
650 1175 780 1215 certe.
814 1167 990 1226 Quare,
1005 1167 1044 1215 si
1059 1169 1156 1215 ulla
1166 1184 1239 1216 res
1250 1177 1336 1228 est,
1352 1184 1501 1232 quam
1516 1167 1602 1218 tibi

262 1246 340 1280 me
360 1230 613 1280 faciendam
628 1240 809 1295 petente
822 1239 975 1294 putoe,
997 1231 1095 1280 haec
1110 1248 1163 1280 ea
1175 1233 1248 1279 sit.
1286 1231 1338 1281 Si
1353 1246 1433 1280 me
1452 1249 1607 1294 amas,

265 1311 391 1356 cura,
409 1291 606 1355 elabora,
620 1296 799 1359 perfice,
817 1304 872 1343 ut
884 1294 1073 1344 Flavius
1094 1305 1139 1355 et
1159 1296 1245 1344 fibi
1259 1305 1305 1344 et
1318 1296 1439 1345 mihi
1455 1312 1602 1360 quam

265 1362 494 1409 maximas
513 1360 681 1424 gratias
714 1369 834 1423 agat.
883 1360 990 1408 Hoc
1013 1367 1060 1408 te
1090 1360 1157 1408 ita
1192 1375 1321 1425 rogo,
1346 1369 1403 1409 ut
1423 1362 1604 1423 majore

265 1424 417 1475 studio
438 1440 595 1488 rogare
615 1439 708 1471 non
723 1423 909 1487 possim.

331 1490 422 1538 IV.
455 1488 601 1548 Quod
633 1488 695 1536 ad
724 1504 800 1536 me
819 1488 877 1535 de
899 1486 1094 1536 Hermia
1130 1489 1300 1549 scribis,
1319 1489 1447 1538 mihi
1477 1491 1603 1544 (me-

265 1552 470 1612 hercule)
493 1553 624 1601 valde
644 1552 887 1600 molestum
908 1551 1015 1599 fuit.
1063 1552 1240 1602 Literas
1269 1554 1329 1612 ad
1354 1562 1401 1601 te
1429 1570 1599 1617 parum

264 1618 462 1665 fraterne
475 1617 765 1680 scripseram:
804 1632 935 1680 quas,
957 1616 1158 1664 oratione
1179 1617 1384 1676 Diodoti,
1405 1619 1605 1666 Luculli,

264 1681 432 1741 liberti,
447 1690 717 1739 commotus,
731 1681 789 1728 de
803 1680 1010 1744 pactione
1030 1681 1184 1728 statim
1200 1681 1324 1744 quod
1339 1681 1596 1742 audieram,

265 1745 527 1793 iracundius
553 1745 837 1808 scripseram,
868 1753 914 1792 et
934 1746 1140 1792 revocare
1160 1746 1416 1808 cupiebam.
1468 1746 1600 1794 Huic

263 1818 317 1857 tu
332 1809 553 1873 epistolae,
562 1824 653 1856 non
669 1809 863 1857 fraterne
875 1809 1068 1872 scriptae,
1082 1809 1278 1858 fraterne
1292 1809 1430 1857 debes
1444 1810 1601 1891 ignos-

266 1889 378 1920 cere.
425 1873 501 1920 De
533 1872 798 1932 Censorino,
837 1873 1059 1932 Antonio,
1088 1873 1260 1934 Cassi0,
1292 1874 1515 1935 Scaevola,
1550 1883 1599 1923 te
1630 1912 1639 1919 ,

268 1937 327 1983 ab
350 1935 405 1983 iis
425 1932 558 1997 diligi
585 1940 658 2000 (ιιι
686 1936 860 1995 scribis)
883 1937 1172 1986 vehementer
1190 1938 1382 2001 gaudeo.
1416 1938 1606 1987 Caetera

268 2000 456 2047 fuerunt
488 1999 536 2045 in
572 1999 731 2047 eadem
761 2001 952 2064 epistolii
978 2002 1200 2065 graviora,
1237 2018 1379 2065 quam
1408 2003 1602 2061 vellem«

273 2067 416 2126 Ορῖὸαν
441 2082 521 2109 ταν
543 2081 653 2121 vaur,
675 2072 721 2110 et
741 2064 861 2126 ἅπαξ
882 2068 943 2111 θα
946 2086 1038 2112 nnnnn
1070 2066 1255 2127 Major&
1273 2066 1363 2113 ista
1380 2074 1534 2114 erunt.

341 2126 468 2174 Meae
507 2127 842 2189 objurgationes
878 2128 1065 2177 fuerunt
1100 2130 1266 2178 amoris
1300 2130 1604 2194 plenissimae,

270 2208 376 2256 quae
397 2199 504 2240 sunt
525 2192 776 2251 nonnullae,
799 2192 881 2239 sed
901 2201 1057 2242 tamen
1076 2193 1341 2252 mediocres,
1375 2202 1422 2241 et
1441 2210 1600 2257 parvm

268 2256 436 2320 potius.
469 2255 573 2318 Ego
593 2267 639 2302 te
660 2271 902 2319 nunquam
922 2257 1021 2306 ulla
1040 2258 1090 2305 in
1111 2274 1159 2305 re
1180 2259 1373 2321 dignum
1395 2259 1598 2307 minima

269 2320 614 2384 reprehensione
628 2319 879 2384 putassem,
903 2337 1009 2369 cum
1032 2331 1077 2370 te
1097 2322 1375 2370 sanctissime

270 2385 359 2432 nisi
390 2384 597 2432 inimicos
618 2385 788 2432 multos
810 2386 1092 2434 haberemus.
1143 2385 1266 2444 Quae
1287 2386 1348 2433 ad
1369 2394 1414 2433 te
1435 2387 1597 2450 aliqua

270 2449 578 2497 admonitione
597 2456 679 2495 aut
699 2450 1012 2512 objurgatione
1032 2451 1205 2514 scripsi,
1229 2450 1388 2513 scripsi
1407 2460 1598 2514 propter

269 2511 555 2574 diligentiam
590 2512 810 2560 cautionis
830 2528 963 2572 meae,
985 2514 1034 2560 in
1089 2516 1150 2562 ua
1170 2523 1216 2561 et
1235 2529 1399 2579 maneo
1421 2524 1470 2562 et
1495 2531 1599 2563 ma-

268 2576 419 2631 nebo;
455 2585 516 2633 et,
539 2576 662 2623 idem
684 2584 739 2622 ut
757 2576 911 2636 facias,
934 2592 1026 2623 non
1081 2579 1264 2626 esistam
1285 2594 1463 2641 rogare·

287 2686 292 2695 ‚
332 2639 518 2686 Attalus
551 2639 831 2705 Iphemenus
858 2654 1040 2689 mecum
1072 2643 1182 2707 egit,
1221 2650 1274 2691 ut
1294 2658 1344 2692 se
1363 2657 1423 2691 ne
1443 2642 1596 2708 impe-
1689 2666 1694 2679 ·
