1784 3009
378 180 480 229 AD
510 177 854 233 ATTICUM.
886 180 1012 228 1111!-
1037 179 1130 228 lx.
1167 179 1244 229 1⁹.
1413 179 1477 236 87

137 315 152 362 .’
201 310 429 360 Delecms
452 310 681 359 habentur
696 328 713 357 ε
740 310 796 358 in
827 308 1023 386 hiberna
1052 310 1355 385 deducuntur.
1395 307 1487 370 Ea,

135 391 269 489 εξ
276 377 1328 505 mffloefficffiffiffism
1345 373 1487 513 “Q

137 521 287 570 quam
308 507 918 564 oensesaoerbanuncesse,
940 521 1049 554 eum
1070 521 1101 554 a
1126 504 1333 568 perditis,
1354 517 1406 550 m
1426 517 1493 549 ei·

140 570 226 617 vili
244 569 420 617 nefario
440 570 580 629 bello,
611 569 972 633 petulantissime
998 571 1114 618 fiant
1126 570 1149 615 ’ἓ
1182 570 1308 618 Cave
1328 577 1488 616 autem

140 643 298 708 putes,
337 648 623 708 quemquam
647 634 884 709 hominem
912 635 961 682 in
990 633 1128 682 Italia
1158 642 1343 698 turpem
1373 647 1486 691 esse,

142 698 677 826 mmm&
692 698 1489 827 ffifflaemzffif

144 841 260 882 ηας
294 826 377 874 sed
397 842 640 891 nunquam
662 842 756 875 uno
775 828 876 875 loeo
897 828 1115 877 videram.

213 891 470 954 Pergamus
490 891 649 955 igitur,
672 907 766 956 quo
786 893 965 956 plaeet3
1000 901 1047 942 et
1066 902 1221 941 nostra
1240 892 1397 941 omnia
1416 908 1488 941 re-

146 955 430 1020 linquamus.
465 955 816 1005 Proficiseamur
840 957 902 1005 ad
929 973 1055 1016 eum,
1078 958 1154 1006 cui
1180 958 1351 1022 gratior
1382 972 1489 1005 nos-

143 1030 214 1069 ter
231 1020 458 1068 adventus
474 1021 576 1080 erit,
626 1036 737 1069 uam
759 1020 798 1070 si
810 1021 906 1069 una
926 1022 1183 1071 fuissemus.
1217 1022 1349 1070 Tum
1364 1021 1489 1070 enim

145 1100 328 1134 eramus
348 1085 400 1132 in
535 1085 547 1095 “
658 1101 771 1150 ερες
806 1101 947 1146 nune,
970 1102 1054 1150 ego
1075 1087 1281 1151 quidem,
1303 1087 1353 1134 in
1381 1087 1490 1135 nul-

145 1150 221 1200 lis
256 1165 361 1207 nee,
383 1158 550 1213 praeoer
576 1165 672 1209 me,
695 1150 941 1214 quisquam
969 1151 1107 1199 Italia
1128 1152 1273 1212 cessit,
1295 1151 1386 1200 nisi
1406 1150 1490 1215 qui

148 1214 273 1263 hunc
302 1213 550 1262 inimicum
586 1214 674 1262 sibi
705 1223 903 1279 putaret.
938 1216 1041 1264 Nee
1073 1216 1374 1280 (mehercule)
1400 1216 1491 1264 hoc

144 1279 260 1328 facio
280 1278 548 1343 reipublieae
567 1279 721 1339 eausa,
738 1295 880 1343 quam
897 1280 1107 1328 funditus
1121 1281 1318 1328 deletam
1340 1289 1453 1350 puto
1472 1293 1490 1335 ς

147 1344 227 1392 sed
241 1359 301 1391 ne
317 1341 425 1407 quis
445 1358 522 1391 me
541 1352 674 1407 putet
684 1344 920 1407 ingratum
930 1344 981 1391 in
997 1360 1125 1405 eum,
1140 1344 1223 1408 qui
1234 1359 1311 1391 me
1323 1345 1493 1392 levavit
1558 1342 1566 1349 '

148 1408 203 1457 iis
232 1407 556 1466 incommodis,
593 1408 763 1472 quibus
798 1408 925 1457 idem
962 1408 1206 1465 effeceram
1250 1416 1296 1456 et
1332 1409 1490 1467 simul,

180 1472 273 1520 uod
294 1489 368 1531 ea,
391 1485 500 1535 quae
527 1472 664 1531 fiunt,
695 1481 778 1521 aut
805 1489 913 1537 quae
937 1481 1057 1521 certe
1089 1472 1249 1520 futura
1276 1481 1402 1532 sunt,
1425 1473 1493 1520 vi-

272 1552 370 1585 non
506 1552 606 1584 um.
655 1537 815 1585 Etiam
835 1537 1053 1613 equidem
1084 1537 1495 1586 senatus-consina

148 1601 266 1651 facta
285 1617 354 1666 qu
524 1602 626 1662 jam
645 1610 790 1665 puto;
823 1612 1006 1651 utinam
1028 1602 1078 1649 in
1094 1601 1295 1650 Vulcatii
1315 1612 1497 1650 senten-

148 1666 289 1714 flam!
331 1665 425 1715 Sed
445 1666 561 1729 quid
582 1666 757 1714 refert?
791 1675 859 1715 est
888 1667 1014 1715 enim
1034 1681 1131 1714 una
1150 1667 1374 1715 sententia
1393 1681 1495 1714 om-

148 1732 298 1782 nium.
331 1730 428 1778 Sed
448 1730 536 1778 erit
554 1729 880 1791 injustissimus
902 1731 1104 1790 Servius,
1127 1731 1211 1795 qui
1230 1730 1384 1779 filium
1404 1731 1495 1779 mi-

148 1796 209 1843 sit
226 1795 293 1844 ad
312 1794 615 1858 effligendum
636 1796 725 1844 Cn.
749 1797 1046 1860 Pompeium,
1069 1804 1153 1844 aut
1173 1804 1292 1844 certe
1313 1796 1495 1861 capien-

149 1860 283 1920 dum,
306 1875 420 1908 eum
441 1859 610 1908 Pontio
636 1860 875 1908 Titiniano
893 1878 909 1907 ε
945 1861 1030 1909 etsi
1049 1861 1126 1910 hic
1146 1860 1337 1936 quidem
1357 1862 1499 1911 timo-

148 1924 403 1981 riscausa3
437 1923 639 1973 illevero
662 1958 704 1972 ..
725 1958 770 1973 ..
792 1925 884 1974 Sed
905 1925 1177 1974 stomachari
1197 1925 1494 1982 desinamusz

148 1998 195 2038 et
213 1987 469 2053 aliquando
484 1988 774 2049 sententiam,
795 1999 853 2038 ut
871 1990 990 2038 nihil
1009 1991 1134 2049 novi,
1157 1990 1247 2039 nisi
1263 1989 1352 2053 [id‚
1367 1991 1496 2056 quod

148 2054 408 2102 minimum
430 2054 613 2112 vellem,
665 2054 878 2117 spiritum
899 2056 1132 2119 reliquum
1152 2071 1264 2104 esse.

211 2119 263 2166 N
264 2134 337 2177 os,
375 2118 599 2182 quoniam
670 2134 866 2183 uperum
893 2119 1031 2168 Mate
1055 2120 1305 2182 obsidetur,
1339 2121 1499 2170 Infero

148 2182 507 2247 navigabimuu
543 2191 606 2244 et,
629 2183 670 2230 si
689 2184 897 2232 Puteolis
918 2184 1003 2232 erit
1022 2184 1223 2244 difficile,
1246 2186 1497 2234 Crotonem

146 2256 381 2311 petemus,
403 2246 748 2304 autThurios3
783 2256 846 2306 et,
875 2249 988 2297 boni
1014 2249 1151 2309 cives,
1182 2259 1389 2298 amantes
1448 2264 1501 2296 a·

144 2311 267 2370 triae,
279 2326 414 2358 mare
432 2311 651 2359 infestum
672 2312 962 2361 habebimus.
994 2313 1158 2361 Aliam
1170 2313 1395 2362 rationem
1445 2328 1503 2360 u·

140 2377 225 2438 jus
260 2375 377 2424 belli
409 2376 599 2439 gerendi
631 2377 811 2425 nullam
833 2378 979 2426 video.
1027 2378 1088 2425 In
1115 2378 1383 2441 AEgyptum
1416 2391 1501 2425 nos
1540 2401 1545 2406 ·

145 2440 378 2489 abdemus
396 2443 420 2489 Ρ
454 2440 654 2488 exercitu
828 2457 926 2490 esse
950 2457 1041 2490 non
1065 2456 1312 2505 possumus
1326 2459 1341 2489 ε
1375 2440 1502 2505 pacis

144 2504 264 2553 fides
302 2505 439 2552 nulla
465 2512 548 2552 est.
718 2506 818 2554 haee
843 2506 952 2554 satis
979 2505 1217 2568 deplorata
1246 2514 1369 2552 sunt.
1402 2505 1502 2562 Tu,

144 2569 313 2629 velim,
336 2568 491 2616 literas
511 2569 786 2633 Cephalioni
804 2569 884 2619 des
905 2570 965 2618 de
979 2568 1197 2617 omnibus
1216 2570 1354 2615 rebus
1374 2567 1503 2624 actis,

145 2632 357 2698 denique
377 2632 519 2681 etiam
549 2634 610 2681 de
641 2634 930 2683 sermonibus
948 2632 1227 2687 hominum;
1261 2632 1350 2678 nisi
1367 2632 1508 2693 plane

146 2699 506 2746 obmutuerunt.

214 2760 431 2825 (Epist.)
467 2773 594 2810 vox..
621 2775 707 2809 ιιι.
1146 2771 1181 2804 1:
