1784 3009
262 146 360 195 358
538 150 638 199 AD
668 148 999 200 BRUTUM:
1019 150 1210 199 Erras.
1236 150 1313 198 12-

262 290 384 324 mur.
419 277 757 328 IdaoeiditM.
781 279 1200 344 Lqiidisoelereet
1228 277 1449 327 ameuffl.
1488 278 1615 338 Quo

263 349 469 406 tempore
489 358 595 392 cum
616 344 782 404 multa,
804 353 992 409 propter
1020 359 1129 393 eam
1151 359 1311 392 curam
1342 358 1491 407 quam
1520 358 1608 405 pro

263 419 314 452 re
348 407 536 468 publica
569 409 763 472 suscepi,
789 409 988 471 graviter
1018 410 1202 468 ferrem,
1233 417 1339 456 tum
1366 407 1490 455 nihil
1516 406 1606 454 tuli

260 471 462 531 gravius,
491 487 632 534 quam
658 488 737 520 me
770 487 878 520 non·
1181 473 1193 483 “
1252 480 1348 519 tuae
1500 471 1511 481 '

261 533 435 594 cedere,
463 550 557 584 non
589 536 752 584 sororis
766 553 781 583 ε
813 551 927 584 nam
958 538 1043 585 tibi
1075 537 1226 600 (quod
1257 536 1378 583 mihi
1411 535 1616 599 plurimi

261 596 352 658 est)
374 598 508 647 facile
526 616 605 649 me
627 600 968 649 satisfaemrum
998 601 1265 649 arbitrabar.
1299 601 1456 648 Nullo
1476 600 1601 647 enim

260 662 401 710 modo
420 672 605 728 poterat
637 680 775 713 eausa
808 665 977 728 Lepidi
1013 665 1236 728 distingui
1272 666 1333 713 ab
1364 663 1612 712 Antonin

261 726 564 791 omniumque
590 729 766 790 judicio
802 730 942 777 etiam
974 729 1130 778 durior
1162 738 1276 788 erat,
1312 729 1461 793 quod,
1498 743 1613 776 cum

382 792 509 840 ribus
538 792 835 856 amplissimis
864 810 893 842 a
918 802 1077 842 senatu
1101 802 1217 842 esset
1238 793 1453 856 lapidus
1472 807 1607 840 orna-

377 862 481 903 tum
505 856 645 905 etiam
667 859 827 931 paucis
859 867 968 906 ante
995 859 1158 907 diebus
1177 858 1420 922 praelatas
1451 858 1610 905 literas

259 916 319 964 ad
340 928 551 968 senatum
576 921 803 978 misissem
838 932 1026 986 repente
1051 937 1145 971 non
1167 923 1317 971 solum
1339 921 1519 986 recepit
1533 936 1611 969 re-

256 981 425 1045 liquias
443 983 663 1045 hostium,
680 986 759 1035 sed
775 988 951 1036 bellum
967 986 1241 1036 acerrimum
1255 986 1379 1034 ten-*a
1391 987 1615 1050 marique

258 1047 405 1107 geritx
454 1050 589 1112 cujus
625 1051 777 1100 exitus
812 1053 898 1117 qui
932 1053 1117 1103 sunu-us
1153 1051 1230 1110 sit,
1259 1051 1493 1101 incertum
1517 1059 1603 1098 est.

261 1109 445 1175 Itaque,
466 1129 577 1162 cum
596 1131 830 1178 rogamur,
860 1125 916 1164 ut
943 1116 1299 1165 misericordiam
1326 1114 1487 1163 liberis
1504 1116 1609 1176 ejus

258 1175 593 1240 impertiamus,
623 1180 742 1228 nihil
764 1181 970 1242 affertur,
992 1180 1242 1245 quominus
1274 1195 1464 1228 summa
1493 1195 1611 1242 sup-

257 1241 418 1304 plicia,
441 1242 481 1291 si
503 1245 652 1308 (quod
666 1245 855 1308 Jupiter
875 1260 1013 1293 omen
1034 1253 1208 1295 avertat
1227 1245 1266 1304 2)
1285 1253 1418 1308 pater
1438 1258 1611 1307 puero-

258 1321 366 1354 rum
388 1307 560 1364 viserit,
577 1309 816 1359 subeunda
829 1311 961 1358 nobis
982 1309 1089 1358 sint.
1122 1310 1173 1357 N
1174 1325 1226 1358 ec
1239 1324 1348 1359 vero
1366 1324 1449 1356 me
1464 1308 1607 1371 fugit,

261 1386 406 1435 quam
427 1373 487 1420 sit
505 1377 740 1431 acerbum,
762 1375 1025 1438 parentium
1046 1374 1214 1423 seelera
1234 1374 1438 1421 filiorum
1458 1373 1609 1437 poenis

259 1434 344 1483 lui.
394 1437 488 1485 Sed
516 1438 605 1486 hoc
631 1439 845 1502 praeclare
879 1440 1061 1502 legibus
1093 1447 1410 1502 comparatum
1440 1447 1528 1497 est,
1551 1448 1611 1487 us

258 1500 421 1549 caritas
439 1502 688 1551 liberorum
709 1504 945 1552 amiciores
1037 1511 1185 1551 rentes
1213 1502 1481 1565 reipublicae
1499 1501 1613 1550 red-

258 1562 397 1611 deret.
434 1564 600 1629 Itaque
620 1567 826 1631 Lepidus
846 1520 1043 1616 crud&
1062 1568 1113 1615 in
1127 1568 1311 1626 liberos,
1328 1580 1424 1617 non
1439 1567 1496 1627 is,
1521 1566 1608 1631 qui

259 1627 495 1691 Lepidum
515 1631 695 1680 hostem
706 1632 899 1694 judicat.

325 1695 484 1757 Atque
503 1695 583 1743 ille
609 1696 665 1754 si,
692 1696 831 1744 armis
858 1697 1034 1759 positiS,
1056 1696 1116 1745 de
1143 1696 1191 1745 vi
1214 1696 1465 1743 damnatus
1487 1704 1609 1742 osset

261 1759 377 1820 (quo
395 1758 445 1805 in
463 1759 636 1820 judicio
653 1770 771 1809 certe
790 1761 1103 1809 defensionem
1121 1775 1217 1808 non
1234 1759 1464 1816 haberet),
1479 1775 1608 1807 eam-

257 1820 365 1868 dem
403 1824 709 1872 calamitatem
746 1825 952 1873 subirent
983 1825 1133 1884 liberi,
1172 1824 1303 1873 bonis
1339 1823 1605 1888 publicatis.

260 1884 583 1949 Quamquam,
606 1888 734 1951 quod
753 1897 836 1936 tua
854 1898 1002 1937 mater
1023 1897 1069 1936 et
1088 1904 1213 1936 soror
1227 1888 1497 1952 deprecatur
1518 1903 1606 1951 pro

256 1949 427 2013 pueris,
450 1950 500 1997 id
519 1951 674 2014 ipsum
696 1961 742 2001 et
760 1953 912 2002 multa
923 1953 1014 2001 alia
1028 1952 1281 2001 crudeliora
1294 1952 1429 2000 nobis
1450 1952 1606 1999 omni-

257 2014 350 2060 bus
367 2013 591 2076 Lepidus,
602 2014 854 2075 Antonius,
872 2027 921 2065 et
939 2018 1106 2081 reliqui
1123 2017 1292 2076 hostes,
1309 2015 1605 2065 denuntiant.

257 2077 424 2141 Itaque
443 2079 699 2128 maximam
720 2094 850 2144 spem
881 2082 970 2130 hoc
990 2090 1194 2144 tempore
1213 2081 1444 2129 habemus
1464 2081 1517 2128 in
1538 2090 1607 2141 te,

256 2151 397 2205 atque
433 2143 633 2192 exercitu
667 2154 763 2193 tuo.
808 2143 936 2194 Cum
965 2146 1025 2194 ad
1053 2145 1315 2209 reipublicae
1344 2160 1605 2205 summam,

257 2216 361 2255 tum
381 2207 442 2265 ad
461 2208 657 2272 gloriam
678 2218 725 2257 et
739 2209 1011 2273 dignitatem
1023 2219 1171 2269 tuam,
1185 2210 1482 2258 vehementer
1495 2225 1607 2273 per-

254 2271 388 2384 ἓῖῗὲ
411 2272 735 2400 Ἑῖεέωωωὲω
726 2274 1340 2387 affirmem&
1355 2290 1607 2396 ἓὲζᾞζ

253 2399 395 2447 etiam
416 2402 620 2459 oonsilio,
643 2404 914 2466 respublica.
949 2404 1184 2462 Veterem,
1201 2418 1286 2466 pro
1300 2404 1403 2464 ejus
1424 2418 1539 2465 erga
1560 2414 1610 2452 te

253 2463 569 2515 benevolentia
589 2467 902 2530 singularique
925 2466 1091 2527 officio,
1119 2467 1317 2515 libenter
1339 2482 1401 2515 ex
1428 2468 1527 2515 tuis
1547 2468 1611 2515 li..

252 2526 359 2573 teris
398 2531 666 2590 complexus
702 2547 808 2579 sum
825 2548 841 2578 ε
875 2546 1079 2594 eumque
1105 2546 1215 2579 cum
1249 2532 1338 2592 tui,
1374 2541 1482 2580 tum
1517 2533 1615 2581 rei-

250 2590 463 2649 publice,
490 2593 874 2644 studiosissimum
902 2595 1367 2660 amantissimumque
1385 2597 1610 2660 cognovi.
