1784 3009
392 200 490 249 AD
521 198 1262 252 ATTIOUM.L1u.xv1.1.
1390 203 1486 258 ²37

142 337 199 377 et
211 329 300 379 IV
316 329 497 390 Nonas,
513 329 696 390 hocest,
707 329 925 405 postridie
944 327 1189 388 calendas,
1204 336 1258 376 ut
1282 328 1491 378 scribitur

150 394 391 469 Philipp.
394 394 460 453 V,
479 410 581 443 eum
609 395 727 442 dixit
756 395 1024 451 orationem,
1055 408 1161 456 quae
1182 401 1249 440 est
1274 392 1325 440 in
1340 393 1493 441 Anto-

151 458 300 506 nium
320 458 486 522 prima.
520 459 631 506 Fuit
662 458 825 506 deinde
853 457 1023 521 purtim
1051 457 1233 514 Romae,
1255 457 1495 567 parumn
1444 457 1494 503 in

152 522 259 571 suis
295 522 512 597 praediis.
546 539 652 586 quae
671 522 826 571 omnia
853 531 1268 570 commemorantur
1288 537 1369 569 sex

152 587 254 634 mis
277 586 496 649 epistolis.
529 587 740 649 Reliquae
767 586 946 649 scriptae
972 594 1082 633 sunt
1108 585 1288 633 incertis
1340 586 1390 632 ui
1393 599 1497 697 mem

156 649 332 698 diebus
350 651 521 713 magna
549 667 607 698 ex
627 659 785 714 parte3
819 665 978 698 omnes
997 659 1149 697 tamen
1178 658 1285 698 ante

157 714 283 762 Jan.
338 713 1498 790 uotototemporehaecgestsfirissetraduumr.

128 777 295 826 cum
381 778 650 827 .Antonius
665 786 710 826 et
725 777 1007 827 Octavianus
1018 778 1204 826 oomfltis
1218 778 1371 841 potius
1382 777 1499 826 odiis

161 841 290 890 inter
321 858 389 901 se,
429 858 572 906 quam
605 840 762 906 aperti
791 841 854 902 vi,
886 849 1122 904 certarent,
1152 842 1356 918 alterque
1386 843 1500 891 alte-

162 920 277 953 rum
312 905 493 954 insidiis
529 915 793 970 praevertere
824 914 1094 962 conaretur,
1126 906 1361 954 Antonius
1394 915 1503 955 ante

165 968 294 1017 diem
315 970 423 1019 VII
447 971 521 1018 Id.
529 923 660 1019 pOet.
681 970 985 1018 Brundisium
1015 970 1155 1030 venit,
1171 971 1401 1034 profectus
1420 973 1503 1019 ob-

167 1033 297 1082 viam
335 1035 592 1110 legionibus
625 1033 937 1083 Macedonicis
970 1043 1182 1098 quatuor,
1218 1044 1273 1082 ut
1304 1050 1379 1083 ees
1417 1034 1503 1083 sibi

168 1098 373 1161 pecunia
399 1098 685 1147 conciliaret·
720 1115 835 1162 quas
862 1107 1034 1158 tamen,
1065 1099 1190 1162 quod
1218 1099 1408 1163 quidam
1443 1101 1503 1147 ab

171 1160 433 1210 Octaviano
451 1163 674 1226 praemissi
692 1164 842 1211 multo
856 1163 963 1225 plus
983 1163 1257 1222 obtulerant,
1280 1163 1506 1211 attrahere

169 1225 231 1273 ud
251 1242 301 1274 se
321 1241 417 1274 non
438 1229 602 1290 potuit.
635 1226 799 1292 Itaque
829 1236 876 1275 et
898 1226 1073 1274 Martia
1094 1234 1139 1273 et
1156 1225 1351 1275 Decima
1369 1227 1520 1274 illum*

174 1299 335 1366 postea
368 1291 677 1352 deseruerunt,
710 1299 758 1340 et
781 1290 840 1339 ad
872 1290 1181 1339 Octavianum
1201 1290 1503 1338 transierunt·

275 1355 392 1402 item
413 1354 693 1404 Octavianus
713 1371 768 1404 eo
786 1356 887 1418 ipso
918 1363 1139 1428 tempore,
1161 1369 1254 1416 quo
1275 1353 1507 1401 Antonius

174 1369 418 1466 gurundisii
448 1419 555 1480 fuit,
593 1420 690 1483 ipse
723 1419 772 1467 in
805 1417 1113 1491 Campaniam
1141 1431 1347 1490 pergens,
1377 1431 1511 1480 mag

174 1496 291 1530 num
312 1491 628 1532 veteranorum
651 1498 917 1541 numerum,
935 1481 1112 1555 lugenti
1125 1496 1222 1544 spe,
1243 1480 1511 1544 ingentique

176 1546 391 1610 1³1³an
431 1547 566 1610 cepit,
609 1549 830 1596 nimirum
872 1544 1069 1595 denariis
1109 1546 1185 1609 (ut
1222 1544 1380 1593 Cicero
1420 1543 1509 1607 ait)

177 1610 362 1659 0000.
396 1611 548 1675 quue
581 1612 767 1660 initium
809 1611 904 1660 fuit
945 1624 1179 1657 armorum
1216 1609 1334 1657 inter
1370 1609 1508 1672 ipsos,

176 1689 285 1723 cum
305 1684 453 1723 antea
459 1688 609 1740 neque
628 1677 804 1724 bellum
824 1682 1048 1747 gererent,
1070 1687 1220 1737 neque
1238 1688 1399 1737 pacem
1427 1671 1511 1721 ha·

176 1740 349 1791 bermt.
381 1739 450 1786 Et
479 1740 567 1788 hoe
605 1748 787 1814 tempus
820 1739 939 1786 illud
973 1736 1081 1796 fuit,
1120 1752 1228 1812 cum
1258 1736 1419 1787 cicero
1452 1740 1511 1786 ab

176 1801 450 1862 Octaviano,
484 1818 566 1866 per
594 1803 789 1866 speciem
817 1801 1103 1866 eepoesendae
1132 1801 1199 1849 rei
1209 1802 1441 1877 publicae,
1462 1802 1512 1849 in

179 1866 443 1914 Antonium
478 1867 744 1915 sollicitatus
778 1876 879 1923 εει,
915 1866 1032 1914 nihil
1069 1881 1134 1925 se,
1174 1866 1263 1915 nisi
1297 1867 1355 1915 de
1387 1866 1513 1915 illius

179 1930 384 1990 oonsilio,
404 1945 490 1979 nee
518 1931 607 1978 nisi
627 1947 709 1994 per
734 1940 963 1990 senatum,
992 1930 1221 1978 facturum
1308 1931 1506 1980 llicente.

179 1994 370 2058 Smptoe
389 2003 499 2042 sunt
525 2010 702 2054 omnes,
725 1995 931 2043 Antonio
957 2003 1005 2042 et
1031 1993 1155 2042 Dola
1302 1996 1430 2044 Coss.
1454 2011 1514 2044 ex

181 2073 223 2106 a.
240 2058 287 2106 d.
309 2058 432 2107 VII.
468 2058 542 2107 Id.
566 2059 731 2117 Quint.
755 2059 815 2107 ad
836 2061 1000 2107 Nonas
1022 2058 1194 2109 circiter
1217 2060 1509 2109 Decembres.

184 2122 341 2186 Atque
375 2122 450 2171 his
481 2123 670 2186 quidem
695 2124 844 2170 multa
870 2123 963 2170 alia
996 2122 1301 2186 eontinentur,
1333 2124 1411 2172 sed
1442 2124 1514 2172 vel

185 2184 446 2248 domestice,
468 2188 544 2235 vel
562 2187 654 2236 huc
674 2187 961 2251 pertinentia.

461 2380 570 2445 (1.)
598 2379 852 2430 CICERO
885 2379 1149 2429 ATTICO
1180 2379 1230 2427 s.

247 2508 398 2557 Nonis
418 2507 585 2568 Quint.
606 2510 711 2557 veni
729 2509 779 2557 in
797 2508 1122 2557 Puteolanum.
1157 2503 1399 2561 Postridie,
1416 2502 1518 2552 iens

190 2552 845 2632 sdBrutuminNesidem,
879 2569 1184 2633 haecscripsi.
1219 2567 1521 2630 Sedeodie,

184 2650 281 2699 quo
320 2651 553 2700 veneram,
597 2638 791 2688 ooenanti
830 2607 951 2686 ’Eros
993 2644 1097 2684 tuas
1137 2634 1306 2682 literas.
1342 2631 1474 2681 Itane
1491 2636 1515 2682 ἓ
