1784 3009
410 190 512 238 AD
544 189 612 250 Q.
643 191 1009 244 FRATREM.
1037 193 1162 243 Lm.
1183 159 1289 244 111.
1312 196 1361 243 3.
1452 195 1545 245 εει

160 347 165 351 -
215 319 306 370 Me
325 327 482 368 autem
500 321 599 381 jam
620 328 808 370 etmare
826 323 963 383 istuc,
986 323 1440 383 &mammeti
1475 339 1558 372 ne-

216 400 314 449 que
330 384 492 432 desino
512 388 587 438 (ut
613 384 669 432 fit
691 387 741 432 in
767 395 944 445 amore)
974 403 1045 451 ea,
1075 402 1182 450 quae
1209 387 1402 436 minime
1434 388 1557 447 volo,

467 448 643 508 Quare,
677 464 772 498 non
805 451 1022 514 equidem
1049 454 1151 514 jam
1175 460 1222 500 te
1255 467 1384 514 rogo,
1411 458 1466 499 ut
1497 453 1558 500 ad

219 513 375 561 mede
395 521 457 572 te,
468 513 529 560 de
547 515 686 565 rebus
701 514 815 574 istis,
830 516 999 563 scribas
1017 520 1277 580 (nunquam
1295 515 1437 571 enim,
1453 531 1561 563 eum

218 586 370 642 potes,
392 577 721 640 praetermittis)
740 596 755 634 ς
788 579 870 627 sed
887 579 978 628 hoc
997 589 1044 629 te
1059 581 1171 629 scire
1190 582 1311 640 volo,
1334 580 1452 627 nihil
1466 579 1565 627 fere

218 656 447 754 ἓξὲξ
455 656 533 689 me
554 641 618 690 sic
638 643 938 706 exspectasse,'¹
952 653 1024 705 ut,
1041 660 1150 694 cum
1170 644 1270 693 haec
1290 645 1560 704 scribebam,

448 721 515 753 as.

290 770 341 817 N
343 784 436 818 unc
456 772 673 833 cognosce
694 787 764 830 ea,
791 787 898 834 quae
917 782 1026 822 sunt
1045 773 1096 820 in
1114 790 1166 822 re
1184 771 1385 838 publici.
1420 771 1566 822 Com-

224 833 416 882 itiorum
454 834 659 897 quotidie
706 836 879 898 singuli
921 837 1018 887 dies
1051 838 1276 886 tolluntur
1321 838 1568 886 obnuntia-

224 897 448 957 tionibus,
469 899 642 962 magna
662 900 897 950 voluntate
916 903 1143 950 bonorum
1165 903 1405 951 omniumz
1439 900 1569 952 tanta

225 961 405 1010 invidia
424 972 535 1010 sunt
562 965 768 1012 eonsules
787 972 972 1028 propter
1001 967 1303 1030 suspicionem
1323 975 1564 1030 pactomm

228 1042 261 1074 a
279 1025 533 1074 candidatis
560 1028 870 1090 praemiorum.
906 1029 1151 1079 Candidati
1172 1031 1432 1080 consulares
1449 1047 1568 1096 qua-

227 1099 356 1149 tuor,
388 1105 548 1141 omnes
583 1092 682 1140 rei:
716 1107 867 1142 caussa
899 1104 1009 1143 sunt
1041 1095 1247 1144 difficiles
1264 1113 1279 1143 ε
1314 1096 1394 1144 sed
1423 1095 1566 1144 enite-

224 1169 355 1267 {zu-1?
373 1150 656 1283 &lixarum
688 1221 835 1269 salute
870 1159 1474 1284 ἕηςὲῗιέιξῖηξᾙὲἓδὶξιῗηω
1508 1223 1567 1271 de

227 1283 410 1331 ambitu
446 1298 580 1332 reum
611 1284 720 1333 fecit
750 1286 808 1333 P.
831 1286 982 1345 Sulla,
1018 1286 1328 1334 subscribente
1353 1287 1566 1350 privigno

227 1346 479 1407 Memmio,
501 1347 641 1398 fratre
663 1347 851 1398 Caecilio
882 1350 1028 1398 Sullae
1047 1349 1159 1396 filio.
1193 1349 1484 1398 Contradixit
1504 1351 1565 1398 L.

229 1410 498 1474 Torquatus
512 1429 527 1459 ε
545 1413 869 1476 omnibusque
902 1413 1171 1473 libentibus,
1214 1427 1308 1460 non
1351 1413 1567 1463 obtinuit.

229 1475 433 1536 Quaeris,
455 1476 569 1541 quid
588 1476 671 1524 fiat
684 1477 744 1525 de
764 1476 967 1525 Gabinio
981 1480 1004 1526 ?
1038 1477 1234 1525 sciemus
1254 1477 1314 1525 de
1331 1479 1572 1538 majestate

229 1539 420 1616 triduoz
454 1556 550 1604 quo
582 1540 773 1604 quidem
793 1541 844 1589 in
864 1541 1058 1617 judicio,
1092 1540 1198 1590 odio
1221 1540 1447 1615 premitur
1467 1556 1570 1589 om-

229 1605 1321 1732 ”tazffmssfflfflssfflsfflffifflff
1335 1621 1572 1719 &rm

231 1733 449 1798 quaesitor
468 1733 617 1809 gravis
638 1743 686 1781 et
717 1733 898 1792 firmus,
927 1733 1119 1789 Alfius3
1155 1732 1406 1796 Pompeius
1435 1735 1572 1783 vehe-

231 1812 367 1846 mens
389 1797 439 1844 in
465 1798 697 1858 judicibus
723 1798 952 1860 rogandis.
986 1796 1117 1856 Quid
1144 1797 1357 1845 futurum
1380 1798 1455 1856 sit,
1488 1813 1571 1847 ne-

232 1862 357 1913 scio:
394 1862 549 1909 locum
584 1871 741 1910 tamen
768 1861 840 1909 illi
866 1862 918 1909 in
947 1862 1127 1910 civitate
1155 1875 1249 1909 non
1269 1861 1415 1911 video.
1447 1862 1572 1911 Ani-

231 1941 370 1974 mum
391 1928 570 1988 praebeo
596 1926 658 1974 ad
677 1925 803 1975 illius
821 1922 1071 1989 perniciem
1089 1926 1396 1989 moderatum,
1418 1928 1480 1975 ad
1498 1943 1572 1976 re-

231 2004 344 2039 rum
365 1999 581 2038 eventum
601 1990 905 2038 lenissimum.

302 2055 463 2102 Habes
473 2054 569 2102 fere
587 2053 650 2102 de
660 2054 876 2103 omnibus
887 2057 1039 2104 rebus.
1072 2057 1238 2105 Unum
1253 2057 1372 2106 illud
1387 2056 1571 2106 addam.

237 2118 404 2168 cioero
425 2126 533 2166 tuus
559 2127 803 2182 nosterque
823 2135 1007 2168 summo
1027 2121 1181 2168 studio
1201 2131 1270 2170 est
1289 2118 1466 2170 Paeonii
1498 2122 1573 2169 sui

233 2183 447 2241 rhetoris,
481 2182 682 2231 hominis
711 2182 918 2247 (opinor)
952 2185 1087 2233 valde
1115 2186 1347 2233 exercitati
1375 2193 1422 2232 et
1446 2186 1571 2232 boni.

234 2246 334 2296 Sed
352 2255 564 2307 nostrum
590 2247 857 2296 instituendi
883 2263 1032 2312 genus
1061 2264 1156 2297 esse
1182 2249 1324 2312 paulo
1352 2247 1575 2295 eruditius

235 2319 287 2360 et
314 2314 620 2372 θετικωτερον,
651 2325 745 2360 non
769 2311 969 2375 ignoras.
1000 2311 1175 2371 Quare,
1201 2325 1352 2385 neque
1378 2326 1464 2373 ego
1484 2311 1574 2358 im-

234 2374 386 2450 pediri
417 2373 649 2424 Ciceronis
680 2375 767 2424 iter
795 2385 935 2440 atque
961 2376 1094 2424 illam
1121 2375 1408 2450 disciplinam
1437 2375 1573 2450 voloz

234 2440 1178 2568 nmffifflfflgufiwm
1018 2437 1577 2566 „fmffiqffl

227 2582 368 2627 'mus‚
404 2567 637 2630 patiamur
663 2567 799 2617 illum
830 2568 899 2616 ire
921 2567 1086 2616 nostris
1113 2566 1380 2629 itineribus;
1415 2565 1576 2614 eodem

240 2631 370 2678 enim
402 2639 729 2694 perventurum
763 2647 860 2681 esse
890 2628 1191 2680 confidimus..
1211 2629 1303 2678 Sed
1332 2638 1504 2689 tamen,
1538 2629 1578 2677 si

237 2694 483 2745 nobiscum
504 2709 611 2745 eum
633 2711 714 2744 rus
734 2696 890 2759 aliquo
913 2694 1224 2753 eduxerimus,
1254 2692 1304 2741 in
1334 2693 1453 2742 hanc
1472 2707 1578 2741 nos-⁶
