1784 3009
371 193 475 244 An
505 193 847 244 ATTIGUM.
881 195 1003 244 Lm.
1035 194 1180 245 xlv,
1216 196 1294 245 13.
1423 198 1511 248 191

181 323 354 372 tarium
370 321 579 372 Cassi-is.
613 323 705 372 Sed
719 323 1020 383 (mehercule)
1033 324 1074 372 si
1091 324 1370 383 humaniter,
1388 332 1433 372 et
1447 341 1519 374 sa-

214 389 380 446 ',enter
404 395 450 434 et
468 387 758 441 amabiliter
742 403 793 435 ιιι
814 404 891 436 me
907 390 1104 451 cogitnre
1121 389 1206 448 vis,
1223 389 1403 436 facilem
1416 404 1522 451 pro-

180 404 380 500 {exsto
332 461 381 499 te
412 451 665 515 praebebis·
700 461 747 501 et
773 454 895 501 voles
923 453 981 499 P.
1005 453 1238 512 Clodium,
1270 453 1319 500 in
1332 452 1523 528 ’optima

181 532 261 580 spe
296 531 498 579 puerum
530 518 795 579 repositum,
822 516 1098 576 existimare,
1133 532 1226 565 non
1256 526 1303 565 te
1328 517 1520 564 insecta-

183 590 287 627 tum
309 596 427 638 esse,
451 596 557 628 cum
579 582 796 643 potueris,
819 581 988 630 amieos
1007 590 1232 662 paternos.
1600 632 1604 636 Α

246 647 284 674 “
301 613 485 703 Pate're,
507 648 689 693 obsecro
710 655 772 705 te,
796 661 879 709 pro
901 662 950 693 re
970 644 1153 709 publiea
1172 647 1316 694 videri
1335 645 1523 708 gessisse

179 708 465 756 simultatem
498 724 606 757 cum
639 719 767 773 patre
803 712 932 784 ejus·
967 725 1060 758 non
1087 710 1378 759 oontemseris
1402 709 1523 757 hane

180 772 426 820 familiam.
474 773 725 821 Honestius
762 775 886 821 enim
921 783 968 822 et
1002 775 1217 824 libentius
1249 774 1522 839 deponimus

180 836 445 885 inimicitias
471 838 733 901 reipublicae
758 839 945 886 nomine
973 848 1216 903 susceptas,
1247 854 1389 903 quam
1415 853 1524 886 eon-

179 901 412 949 tumaeiae.
449 901 537 950 Me
570 902 735 951 deinde
768 903 865 950 sine
892 903 953 950 ad
981 903 1101 952 hanc
1133 904 1392 967 opinionem
1423 904 1523 964 jam

183 979 309 1013 nune
330 966 527 1029 dirigere
554 981 769 1029 puerum,
793 975 839 1015 et
865 975 1021 1016 tenero
1041 968 1197 1016 animo
1218 969 1317 1043 ejus
1338 982 1524 1031 persua-

182 1029 306 1089 dere,
330 1045 426 1078 non
447 1045 543 1078 esse
564 1031 804 1080 tradendas
823 1033 1015 1096 posteris
1031 1032 1307 1080 inimicitias.
1340 1032 1524 1090 Quam-

184 1109 349 1157 quam,
373 1103 503 1142 tuam
525 1095 773 1155 fortunam,
797 1096 974 1156 Cicero,
996 1098 1056 1144 ab
1075 1098 1203 1144 omni
1222 1096 1424 1171 periculo
1444 1097 1527 1143 aba

181 1173 297 1218 esse,
316 1167 494 1206 certum
508 1159 685 1217 habeo3
710 1167 865 1208 tamen
881 1161 1091 1220 arbitror,
1107 1162 1247 1208 malle
1259 1168 1306 1207 te
1321 1160 1524 1234 quietam

183 1230 466 1270 senectutem
487 1231 533 1271 et
550 1223 847 1273 honorificam
866 1225 1020 1288 potius
1035 1240 1185 1287 agere,
1200 1239 1343 1288 quam
1358 1222 1524 1271 solliei-

249 1352 286 1379 “
305 1350 562 1412 Postremo,
579 1366 684 1399 meo
698 1353 803 1414 jure
819 1361 865 1400 te
885 1352 973 1400 hoc
986 1351 1259 1400 beneficium
1275 1365 1399 1412 rogo.
1432 1349 1525 1398 Ni-

184 1413 254 1461 hil
274 1413 396 1462 enim
420 1429 514 1463 non
541 1415 627 1463 tua
648 1416 782 1463 eausa
805 1416 907 1464 feci.
954 1415 1096 1475 Quod
1118 1415 1157 1462 si
1186 1429 1280 1461 non
1310 1413 1522 1488 impetro,

185 1493 270 1541 per
288 1493 368 1526 me
380 1479 543 1527 Clodio
558 1479 748 1529 damrus
762 1495 856 1528 ιιοιι
869 1494 1007 1528 sum.
1038 1488 1094 1527 ut
1104 1478 1348 1540 intelliges,
1348 1477 1525 1553 quanti

186 1542 315 1655 apmll,
333 1557 411 1590 me
432 1543 672 1592 auctoritas
688 1551 771 1592 tua
790 1543 866 1605 sit,
883 1554 1025 1609 atque
1045 1559 1100 1592 eo
1120 1552 1166 1591 te
1184 1541 1525 1625 placabiliorem

188 1621 285 1670 prae
316 1607 443 1694 ess?

511 1737 549 1766 “
574 1737 739 1785 cicero
759 1735 985 1797 Antonio,
1012 1737 1116 1786 Cos.
1140 1738 1193 1785 S.

250 1862 1527 1941 “Quodmecumperliterasagiffiunamobeausnn

186 1928 378 1979 mallem
398 1943 552 1976 eoram
573 1929 729 1992 egisse.
768 1929 883 1976 Non
904 1931 1027 1977 euim
1057 1930 1207 1977 solum
1228 1945 1286 1978 ex
1307 1929 1525 1989 oratione,

187 1993 266 2040 sed
282 1992 423 2040 etism
433 2008 491 2040 ex
508 1993 641 2041 vultu
651 2002 699 2041 et
712 1993 856 2042 oculis
871 2001 918 2040 et
932 1994 1082 2042 fronte
1095 1997 1169 2048 (ιιι
1182 1994 1351 2055 aiunt),
1367 2008 1527 2042 meum

186 2072 295 2120 erga
315 2063 362 2104 te
381 2072 587 2106 amorem
607 2058 857 2121 perspicere
876 2058 1114 2121 potuisses.
1161 2059 1306 2134 Nam,
1341 2073 1449 2106 cum
1481 2065 1529 2104 te

187 2135 368 2184 semper
388 2122 556 2180 amavi,
579 2122 783 2185 primum
804 2130 886 2169 tuo
912 2123 1080 2181 studio,
1104 2132 1210 2187 post
1230 2123 1368 2171 etiam
1388 2124 1528 2170 be'ne-

186 2184 290 2232 ficio
322 2194 623 2258 provocatum
658 2195 759 2234 tum
790 2185 863 2233 his
891 2187 1173 2261 temporibus
1200 2187 1455 2260 respublica
1480 2192 1528 2232 te

186 2248 306 2295 mihi
325 2258 391 2295 ita
406 2249 757 2310 commendavit,
771 2259 825 2296 ut
836 2250 1053 2313 cariorem
1065 2251 1261 2298 habeam
1277 2249 1524 2297 neminem.

187 2311 359 2360 Literae
380 2326 486 2361 vero
506 2322 617 2373 tuae,
635 2328 743 2363 cum
763 2309 1092 2374 amantissime,
1106 2322 1209 2362 tum
1227 2312 1528 2361 honorificen-

186 2376 362 2424 tissime
389 2377 582 2441 scriptae,
614 2377 677 2425 sic
708 2393 785 2426 me
810 2377 1074 2453 affecerunt,
1096 2386 1151 2424 ut
1178 2392 1272 2424 non
1306 2376 1415 2422 dare
1442 2373 1528 2421 tibi

186 2441 463 2489 beneficium
484 2442 675 2502 viderer,
699 2442 777 2490 sed
803 2443 1006 2506 accipere
1026 2458 1056 2490 a
1075 2450 1138 2500 te,
1162 2442 1227 2488 ita
1253 2445 1528 2549 Ρεωιιωέπ
1474 2446 1529 2484 ιιι

182 2503 427 2554 immicum
449 2521 625 2566 meum,
647 2507 948 2556 necessarium
972 2515 1126 2564 tuum,
1148 2520 1224 2552 me
1251 2502 1507 2561 mvito,ser

109 2624 116 2631 ,
183 2576 295 2617 vsi-e
313 2570 478 2631 nolles,
501 2586 609 2619 eum
630 2571 679 2619 id
700 2571 830 2621 nullo
850 2571 1036 2634 negotio
1051 2570 1200 2617 facere
1219 2581 1387 2632 posses·

250 2635 287 2663 “
303 2633 413 2697 Ego
433 2650 541 2685 veto
560 2635 646 2684 tibi
668 2636 804 2696 istuc,
825 2636 895 2684 mi
915 2633 1111 2692 Antoni,
1137 2633 1349 2687 remitt03
1388 2637 1527 2692 atque

179 2694 335 2759 itaut
354 2710 450 2750 me·
447 2708 561 2763 -ate,
579 2697 1198 2761 cumhisverbissoeipsen's,
1216 2693 1529 2746 liberalissime
