1784 3009
392 154 499 206 AD
526 155 596 217 Q.
630 141 995 205 FRATREM.
1029 157 1149 206 ιη.
1185 157 1226 208 1.
1262 161 1306 210 1.
1420 158 1520 211 κο

169 352 353 409 culum,
380 365 443 397 ne
460 348 726 413 improbum
758 318 1103 412 negotiatore’m,
1134 351 1276 426 paulo
1306 353 1413 417 cupi

166 430 270 464 rem
283 414 607 479 publicanum,
626 414 925 476 comprimere
936 428 1029 462 non
1040 430 1199 478 possis.
1234 416 1362 464 Nam
1379 417 1512 464 Grai-

169 479 214 529 ci
233 478 429 543 quidem
450 479 514 527 sic
533 486 578 525 te
597 478 664 525 ita
678 477 903 525 viventem
928 478 1246 538 intuebuntur,
1269 488 1323 527 ut
1344 494 1510 544 quem-

169 544 282 592 dam
307 560 368 591 ex
389 543 627 591 annalium
646 541 885 600 memoria,
910 550 992 590 aut
1021 544 1159 595 etiam
1179 544 1238 593 de
1259 544 1371 593 coelo
1390 545 1508 593 divi-

166 620 287 657 num
309 607 545 655 hominem
566 621 660 655 esse
679 606 729 653 in
749 606 1030 669 provinciam
1049 607 1287 672 delapsum
1340 618 1488 657 utent.

234 671 405 735 Atque
423 672 522 719 haec
541 686 683 726 nunc,
700 684 793 717 non
809 679 864 717 ut
878 670 1033 729 facias,
1057 673 1134 719 sed
1156 682 1209 721 ut
1228 681 1276 721 te
1314 689 1441 722 acere
1462 681 1509 724 et

169 737 334 786 fecisse
353 735 569 800 gaudeas,
590 735 753 783 scribo.
786 734 1065 783 Praeclarum
1081 745 1149 783 est
1169 737 1309 798 enim,
1325 753 1509 787 summo

172 816 286 850 cum
319 799 512 862 imperio
541 799 680 847 fuisse
706 798 755 845 in
780 798 893 846 Asi'a
924 799 1189 858 triennium,
1212 801 1276 850 sic
1311 810 1366 850 ut
1399 802 1508 851 nul-

172 864 280 913 lum
297 871 344 912 te
364 864 565 926 signum,
587 861 719 910 nulla
735 862 931 926 pictura,
945 864 1129 912 nullum
1145 880 1240 926 vas,
1254 867 1385 915 nulla
1405 882 1507 916 ves·

172 929 252 988 tis,
296 926 482 975 nullum
516 926 818 991 mancipium,
852 926 985 975 nulla
1024 928 1174 977 forma
1213 933 1504 996 cujusquam,

174 993 312 1041 nulla
339 991 537 1040 conditio
557 990 763 1055 pecuniae
784 991 974 1055 (quibus
1006 993 1143 1041 rebus
1175 995 1379 1043 abundat
1414 995 1504 1044 ista

173 1056 448 1169 provincia),
471 1057 529 1104 ab
551 1055 736 1103 summa
755 1055 1012 1119 integritate
1040 1057 1408 1124 continentiaque
1421 1059 1502 1108 de-

207 1121 374 1170 uxerit.
410 1119 539 1179 Quid
559 1128 714 1171 autem
735 1120 921 1184 reperiri
941 1129 1037 1168 tam
1059 1121 1284 1170 eximium
1303 1133 1386 1172 aut
1405 1133 1502 1173 tam

64 1206 69 1211 ·
173 1184 679 1260 expetendumva
704 1198 845 1260 quam
873 1185 1012 1232 istam
1039 1186 1272 1247 virtutem,
1294 1188 1502 1236 modera-

172 1249 347 1298 tionem
369 1248 528 1309 animi,
550 1257 916 1312 temperantiam,
943 1262 1037 1295 non
1056 1249 1198 1297 latere
1218 1250 1266 1297 in
1288 1252 1502 1313 tenebris,

171 1328 326 1378 neque
345 1329 441 1364 esse
461 1312 682 1372 abditam,
704 1312 782 1360 sed
810 1311 859 1359 in
880 1313 985 1359 luce
1004 1312 1152 1373 Asiae,
1178 1313 1228 1359 in
1249 1315 1391 1362 oculis
1411 1316 1504 1364 cla-

170 1377 364 1427 rissimae
395 1376 654 1442 provinciae,
685 1384 824 1440 atque
850 1375 900 1422 in
933 1374 1121 1423 auribus
1147 1376 1357 1424 omnium
1390 1394 1504 1441 gen-

170 1441 295 1490 tium
316 1457 370 1490 ac
389 1440 647 1499 nationum,
666 1455 759 1489 esse
780 1439 978 1504 positam
992 1439 1016 1485 ἲ
1046 1454 1138 1486 non
1151 1439 1389 1489 itineribus
1410 1441 1504 1490 tuis

169 1506 412 1571 perterreri
431 1505 638 1552 homines
655 1507 678 1553 P
713 1518 806 1552 non
822 1510 980 1551 sumtu
1007 1503 1238 1551 exhauriri
1257 1506 1280 1551 Ρ
1312 1518 1404 1552 non
1421 1505 1503 1554 ad-

169 1579 311 1619 ventu
334 1568 609 1618 commoveri
622 1569 646 1615 ‘1’
678 1584 790 1630 esse,
823 1583 1118 1632 quocumque
1137 1567 1328 1629 veneris,
1352 1576 1397 1616 et
1416 1585 1505 1635 pu..

170 1634 289 1683 blice
310 1642 356 1682 et
374 1633 588 1698 privatim
601 1633 855 1681 maximam
875 1631 1115 1689 laetitiam3
1150 1647 1256 1679 cum
1277 1634 1387 1682 urbs
1404 1649 1506 1683 cus·

173 1698 348 1759 todem,
387 1711 481 1745 non
508 1706 773 1761 tyrannum,
805 1696 974 1744 domus
1003 1696 1249 1760 hospitem,
1296 1711 1389 1746 non
1422 1714 1504 1747 ex-

169 1762 430 1828 pilatorem,
452 1761 670 1825 recepisse
690 1761 899 1809 videatur
916 1763 940 1809 ἲ

236 1826 338 1874 111.
372 1826 465 1874 His
483 1833 634 1873 autem
654 1826 702 1873 in
715 1826 851 1873 rebus
867 1825 967 1886 jam
988 1833 1035 1873 te
1053 1841 1165 1873 usus
1184 1824 1281 1889 ipse
1301 1822 1503 1891 profecto

169 1890 383 1949 erudivit,
406 1891 701 1954 nequaquam
730 1889 838 1937 satis
867 1905 980 1948 esse,
1001 1890 1155 1954 ipsum
1185 1889 1317 1939 hasce
1335 1892 1504 1941 habere

167 1955 377 2012 virtutes,
401 1953 479 2002 sed
498 1969 592 2002 esse
612 1953 1065 2017 circumspiciendum
1082 1954 1335 2018 diligenter,
1359 1966 1429 2017 ut,
1451 1957 1502 2007 in

170 2019 260 2070 hnc
296 2018 507 2067 custodia
539 2018 798 2082 provinciae,
837 2033 929 2065 non
960 2027 1005 2067 te
1036 2034 1202 2081 unum,
1236 2021 1315 2069 sed
1342 2037 1503 2070 omnes

172 2083 404 2133 ministros
424 2082 605 2147 imperii
621 2082 706 2143 tui,
725 2082 871 2142 sociis,
887 2092 933 2130 et
946 2083 1135 2144 civibus,
1159 2093 1204 2132 et
1224 2086 1501 2149 reipublicae,

406 2146 598 2195 videare.
630 2147 933 2210 Quamquam
952 2149 1124 2212 legatos
1144 2149 1284 2198 habes
1306 2166 1398 2210 eos,
1420 2151 1504 2213 qui

191 2212 266 2277 psi
285 2227 369 2277 per
389 2227 438 2259 se
458 2211 659 2259 habituri
679 2213 770 2260 sint
789 2212 1011 2260 rationem
1033 2213 1265 2276 dignitatis
1286 2230 1410 2269 suaeg
1444 2212 1505 2260 de
1537 2250 1548 2259 ,

168 2277 362 2342 quibus,
379 2276 550 2323 honore
570 2286 616 2324 et
635 2275 857 2339 dignitate
877 2284 924 2324 et
939 2284 1071 2325 aetate
1091 2285 1275 2339 praestat
1289 2277 1498 2335 Tubero,

168 2350 314 2407 ‘quem
335 2356 421 2404 ego
442 2340 650 2401 arbitror,
664 2340 915 2405 praesertim
932 2356 1039 2389 cum
1060 2341 1226 2388 scribat
1244 2339 1502 2405 historiam,

170 2406 345 2455 multos
377 2420 438 2453 cx
466 2404 560 2453 suis
591 2406 831 2453 annalibus
859 2420 993 2469 posse
1011 2404 1225 2468 deligere,
1247 2419 1364 2468 quos
1391 2403 1504 2451 velit

166 2478 219 2520 et
247 2469 395 2534 possit
420 2469 618 2517 imitari:
652 2469 869 2518 Allienus
902 2476 1059 2517 autem
1092 2476 1243 2515 noster
1276 2476 1360 2525 est,
1395 2482 1504 2516 cum

162 2535 326 2584 animo
359 2544 406 2584 et
435 2532 764 2594 benevolentia,
801 2542 905 2581 tum
940 2548 1046 2581 vero
1077 2531 1216 2579 etiam
1248 2531 1504 2580 imitatione

170 2597 372 2648 vivendi.
408 2598 535 2646 Nam
559 2597 672 2662 quid
816 2598 874 2646 de
907 2595 1116 2646 Gratidio
1141 2595 1289 2644 dicam
1304 2596 1328 2642 ἲ
1359 2610 1501 2660 quem

171 2671 294 2715 cato
312 2663 408 2712 scio
426 2662 709 2712 inlaborare
760 2678 788 2713 a
807 2660 1255 2772 existimatiepnegua,
1270 2666 1340 2722 ut,
1363 2672 1506 2726 prop-

1095 2738 1132 2772 Α
