<?xml version="1.0" encoding="UTF-8"?>
<!DOCTYPE html PUBLIC "-//W3C//DTD XHTML 1.0 Transitional//EN"
    "http://www.w3.org/TR/xhtml1/DTD/xhtml1-transitional.dtd">
<html xmlns="http://www.w3.org/1999/xhtml" xml:lang="en" lang="en">
 <head>
  <title>
</title>
<meta http-equiv="Content-Type" content="text/html;charset=utf-8" />
  <meta name='ocr-system' content='tesseract 3.04.00' />
  <meta name='ocr-capabilities' content='ocr_page ocr_carea ocr_par ocr_line ocrx_word'/>
</head>
<body>
  <div class='ocr_page' id='page_1' title='image "./operaexeditioni01unkngoog_0362.png"; bbox 0 0 1784 3009; ppageno 0'>
   <div class='ocr_carea' id='block_1_1' title="bbox 401 188 1508 265">
    <p class='ocr_par' dir='ltr' id='par_1_1' title="bbox 401 188 1508 265">
     <span class='ocr_line' id='line_1_1' title="bbox 401 188 1508 265; baseline 0.005 -30"><span class='ocrx_word' id='word_1_1' title='bbox 401 258 406 265; x_wconf 76' lang='lat'><strong>.</strong></span> <span class='ocrx_word' id='word_1_2' title='bbox 465 188 567 235; x_wconf 75' lang='lat' dir='ltr'><strong>AD</strong></span> <span class='ocrx_word' id='word_1_3' title='bbox 598 188 908 238; x_wconf 86' lang='lat' dir='ltr'><strong>BRUTUM.</strong></span> <span class='ocrx_word' id='word_1_4' title='bbox 942 188 1137 238; x_wconf 73' lang='lat' dir='ltr'><strong>Emsr.</strong></span> <span class='ocrx_word' id='word_1_5' title='bbox 1156 191 1204 236; x_wconf 70' lang='lat'><strong>5.</strong></span> <span class='ocrx_word' id='word_1_6' title='bbox 1409 191 1508 240; x_wconf 72' lang='lat'><strong>349</strong></span> 
     </span>
    </p>
   </div>
   <div class='ocr_carea' id='block_1_2' title="bbox 168 317 1518 1089">
    <p class='ocr_par' dir='ltr' id='par_1_2' title="bbox 177 317 1516 559">
     <span class='ocr_line' id='line_1_2' title="bbox 177 317 1516 458; baseline 0.001 -30"><span class='ocrx_word' id='word_1_7' title='bbox 177 331 384 429; x_wconf 48' lang='lat' dir='ltr'><strong>gentiam</strong></span> <span class='ocrx_word' id='word_1_8' title='bbox 408 321 608 430; x_wconf 44' lang='lat' dir='ltr'><strong>laudabzo</strong></span> <span class='ocrx_word' id='word_1_9' title='bbox 627 334 803 442; x_wconf 80' lang='lat' dir='ltr'><strong>tuam,e</strong></span> <span class='ocrx_word' id='word_1_10' title='bbox 799 327 922 432; x_wconf 54' lang='grc' dir='ltr'><strong>01111111ι</strong></span> <span class='ocrx_word' id='word_1_11' title='bbox 930 317 1516 458; x_wconf 48' lang='lat' dir='ltr'><strong>ffiffiaztefemcx:</strong></span> 
     </span>
     <span class='ocr_line' id='line_1_3' title="bbox 177 445 1516 511; baseline 0.002 -19"><span class='ocrx_word' id='word_1_12' title='bbox 177 460 306 508; x_wconf 87' lang='lat' dir='ltr'><strong>pero,</strong></span> <span class='ocrx_word' id='word_1_13' title='bbox 330 445 560 494; x_wconf 78' lang='lat' dir='ltr'><strong>Caesarem</strong></span> <span class='ocrx_word' id='word_1_14' title='bbox 580 447 846 507; x_wconf 87' lang='lat' dir='ltr'><strong>honoribus,</strong></span> <span class='ocrx_word' id='word_1_15' title='bbox 869 463 986 511; x_wconf 86' lang='lat' dir='ltr'><strong>quos</strong></span> <span class='ocrx_word' id='word_1_16' title='bbox 1006 447 1242 511; x_wconf 85' lang='lat' dir='ltr'><strong>acceperit,</strong></span> <span class='ocrx_word' id='word_1_17' title='bbox 1265 446 1516 495; x_wconf 83' lang='lat' dir='ltr'><strong>extraordi-</strong></span> 
     </span>
     <span class='ocr_line' id='line_1_4' title="bbox 177 509 739 559; baseline 0.004 -2"><span class='ocrx_word' id='word_1_18' title='bbox 177 509 319 557; x_wconf 83' lang='lat' dir='ltr'><strong>nariis</strong></span> <span class='ocrx_word' id='word_1_19' title='bbox 339 510 438 558; x_wconf 82' lang='lat' dir='ltr'><strong>fore</strong></span> <span class='ocrx_word' id='word_1_20' title='bbox 457 520 739 559; x_wconf 84' lang='lat' dir='ltr'><strong>contentum.</strong></span> 
     </span>
    </p>

    <p class='ocr_par' dir='ltr' id='par_1_3' title="bbox 170 574 1515 768">
     <span class='ocr_line' id='line_1_5' title="bbox 244 574 1514 640; baseline 0.002 -19"><span class='ocrx_word' id='word_1_21' title='bbox 244 574 427 622; x_wconf 83' lang='lat' dir='ltr'><strong>Alienae</strong></span> <span class='ocrx_word' id='word_1_22' title='bbox 446 575 604 638; x_wconf 86' lang='lat' dir='ltr'><strong>igitur,</strong></span> <span class='ocrx_word' id='word_1_23' title='bbox 626 576 822 640; x_wconf 85' lang='lat' dir='ltr'>inquies,</span> <span class='ocrx_word' id='word_1_24' title='bbox 841 577 990 640; x_wconf 81' lang='lat' dir='ltr'><strong>culpae</strong></span> <span class='ocrx_word' id='word_1_25' title='bbox 1009 593 1087 625; x_wconf 92' lang='lat' dir='ltr'><strong>me</strong></span> <span class='ocrx_word' id='word_1_26' title='bbox 1107 592 1238 625; x_wconf 82' lang='lat' dir='ltr'><strong>reum</strong></span> <span class='ocrx_word' id='word_1_27' title='bbox 1261 576 1471 639; x_wconf 78' lang='lat' dir='ltr'><strong>subjicies</strong></span> <span class='ocrx_word' id='word_1_28' title='bbox 1489 579 1514 624; x_wconf 74' lang='grc' dir='ltr'>Ρ</span> 
     </span>
     <span class='ocr_line' id='line_1_6' title="bbox 178 637 1515 709; baseline 0.003 -24"><span class='ocrx_word' id='word_1_29' title='bbox 178 637 377 686; x_wconf 82' lang='lat' dir='ltr'>Prorsus</span> <span class='ocrx_word' id='word_1_30' title='bbox 384 639 560 698; x_wconf 82' lang='lat' dir='ltr'><strong>alienae,</strong></span> <span class='ocrx_word' id='word_1_31' title='bbox 577 641 614 688; x_wconf 90' lang='lat' dir='ltr'><strong>si</strong></span> <span class='ocrx_word' id='word_1_32' title='bbox 626 641 756 703; x_wconf 85' lang='lat' dir='ltr'><strong>provi</strong></span> <span class='ocrx_word' id='word_1_33' title='bbox 756 642 1027 709; x_wconf 75' lang='lat' dir='ltr'><strong>deiipomit,</strong></span> <span class='ocrx_word' id='word_1_34' title='bbox 1034 657 1095 690; x_wconf 92' lang='lat' dir='ltr'><strong>ne</strong></span> <span class='ocrx_word' id='word_1_35' title='bbox 1107 642 1353 690; x_wconf 80' lang='lat' dir='ltr'><strong>exsisteret.</strong></span> <span class='ocrx_word' id='word_1_36' title='bbox 1371 639 1515 701; x_wconf 85' lang='lat' dir='ltr'><strong>Quod</strong></span> 
     </span>
     <span class='ocr_line' id='line_1_7' title="bbox 170 703 1413 780; baseline 0.002 -30"><span class='ocrx_word' id='word_1_37' title='bbox 170 703 354 750; x_wconf 88' lang='lat' dir='ltr'><strong>utinam</strong></span> <span class='ocrx_word' id='word_1_38' title='bbox 375 704 626 780; x_wconf 73' lang='lat' dir='ltr'><strong>inspectare</strong></span> <span class='ocrx_word' id='word_1_39' title='bbox 645 706 789 780; x_wconf 85' lang='lat' dir='ltr'><strong>possis</strong></span> <span class='ocrx_word' id='word_1_40' title='bbox 811 706 1023 754; x_wconf 85' lang='lat' dir='ltr'><strong>timorem</strong></span> <span class='ocrx_word' id='word_1_41' title='bbox 1045 706 1102 754; x_wconf 89' lang='lat' dir='ltr'><strong>de</strong></span> <span class='ocrx_word' id='word_1_42' title='bbox 1121 707 1207 755; x_wconf 85' lang='lat' dir='ltr'><strong>illo</strong></span> <span class='ocrx_word' id='word_1_43' title='bbox 1223 707 1413 753; x_wconf 80' lang='lat' dir='ltr'><strong>meum!</strong></span> 
     </span>
    </p>

    <p class='ocr_par' dir='ltr' id='par_1_4' title="bbox 168 767 1514 1089">
     <span class='ocr_line' id='line_1_8' title="bbox 242 767 1510 844; baseline 0.003 -30"><span class='ocrx_word' id='word_1_44' title='bbox 242 767 337 814; x_wconf 89' lang='lat' dir='ltr'><strong>His</strong></span> <span class='ocrx_word' id='word_1_45' title='bbox 356 768 500 815; x_wconf 85' lang='lat' dir='ltr'><strong>literis</strong></span> <span class='ocrx_word' id='word_1_46' title='bbox 520 770 715 844; x_wconf 83' lang='lat' dir='ltr'><strong>scriptis,</strong></span> <span class='ocrx_word' id='word_1_47' title='bbox 730 778 776 817; x_wconf 90' lang='lat' dir='ltr'><strong>te</strong></span> <span class='ocrx_word' id='word_1_48' title='bbox 796 771 1028 818; x_wconf 88' lang='lat' dir='ltr'><strong>consulem</strong></span> <span class='ocrx_word' id='word_1_49' title='bbox 1041 771 1215 819; x_wconf 84' lang='lat' dir='ltr'><strong>factum</strong></span> <span class='ocrx_word' id='word_1_50' title='bbox 1233 770 1510 818; x_wconf 81' lang='lat' dir='ltr'><strong>audivimus.</strong></span> 
     </span>
     <span class='ocr_line' id='line_1_9' title="bbox 172 831 1514 898; baseline 0.003 -20"><span class='ocrx_word' id='word_1_51' title='bbox 172 831 308 878; x_wconf 82' lang='lat' dir='ltr'><strong>Tum</strong></span> <span class='ocrx_word' id='word_1_52' title='bbox 344 847 451 880; x_wconf 83' lang='lat' dir='ltr'><strong>vero</strong></span> <span class='ocrx_word' id='word_1_53' title='bbox 483 832 701 896; x_wconf 88' lang='lat' dir='ltr'><strong>incipiam</strong></span> <span class='ocrx_word' id='word_1_54' title='bbox 737 850 989 898; x_wconf 82' lang='lat' dir='ltr'>proponere</span> <span class='ocrx_word' id='word_1_55' title='bbox 1024 835 1142 883; x_wconf 88' lang='lat' dir='ltr'><strong>mihi</strong></span> <span class='ocrx_word' id='word_1_56' title='bbox 1182 835 1514 898; x_wconf 84' lang='lat' dir='ltr'><strong>rempublicam</strong></span> 
     </span>
     <span class='ocr_line' id='line_1_10' title="bbox 168 897 1515 961; baseline 0.005 -19"><span class='ocrx_word' id='word_1_57' title='bbox 168 897 368 955; x_wconf 71' lang='lat' dir='ltr'><strong>iustam,</strong></span> <span class='ocrx_word' id='word_1_58' title='bbox 392 905 439 943; x_wconf 84' lang='lat' dir='ltr'><strong>et</strong></span> <span class='ocrx_word' id='word_1_59' title='bbox 453 897 553 956; x_wconf 68' lang='lat' dir='ltr'><strong>iam</strong></span> <span class='ocrx_word' id='word_1_60' title='bbox 574 898 669 945; x_wconf 86' lang='lat' dir='ltr'><strong>suis</strong></span> <span class='ocrx_word' id='word_1_61' title='bbox 692 899 914 947; x_wconf 86' lang='lat' dir='ltr'><strong>nitentem</strong></span> <span class='ocrx_word' id='word_1_62' title='bbox 937 899 1125 961; x_wconf 85' lang='lat' dir='ltr'><strong>viribus,</strong></span> <span class='ocrx_word' id='word_1_63' title='bbox 1149 900 1188 948; x_wconf 91' lang='lat' dir='ltr'><strong>si</strong></span> <span class='ocrx_word' id='word_1_64' title='bbox 1207 900 1325 949; x_wconf 84' lang='lat' dir='ltr'><strong>istuc</strong></span> <span class='ocrx_word' id='word_1_65' title='bbox 1345 900 1515 948; x_wconf 85' lang='lat' dir='ltr'><strong>videro.</strong></span> 
     </span>
     <span class='ocr_line' id='line_1_11' title="bbox 174 959 1518 1028; baseline 0.005 -22"><span class='ocrx_word' id='word_1_66' title='bbox 174 959 329 1007; x_wconf 85' lang='lat' dir='ltr'><strong>Filius</strong></span> <span class='ocrx_word' id='word_1_67' title='bbox 349 961 487 1021; x_wconf 83' lang='lat' dir='ltr'><strong>valet,</strong></span> <span class='ocrx_word' id='word_1_68' title='bbox 528 970 574 1009; x_wconf 86' lang='lat' dir='ltr'><strong>et</strong></span> <span class='ocrx_word' id='word_1_69' title='bbox 600 962 649 1009; x_wconf 88' lang='lat' dir='ltr'><strong>in</strong></span> <span class='ocrx_word' id='word_1_70' title='bbox 685 963 1007 1012; x_wconf 82' lang='lat' dir='ltr'><strong>Macedoniam</strong></span> <span class='ocrx_word' id='word_1_71' title='bbox 1035 980 1145 1012; x_wconf 89' lang='lat' dir='ltr'><strong>cum</strong></span> <span class='ocrx_word' id='word_1_72' title='bbox 1172 965 1379 1028; x_wconf 86' lang='lat' dir='ltr'><strong>equitatu</strong></span> <span class='ocrx_word' id='word_1_73' title='bbox 1398 981 1518 1028; x_wconf 77' lang='lat' dir='ltr'><strong>proe·</strong></span> 
     </span>
     <span class='ocr_line' id='line_1_12' title="bbox 174 1023 1095 1089; baseline 0.007 -18"><span class='ocrx_word' id='word_1_74' title='bbox 174 1023 346 1072; x_wconf 83' lang='lat' dir='ltr'><strong>missus</strong></span> <span class='ocrx_word' id='word_1_75' title='bbox 362 1033 443 1073; x_wconf 81' lang='lat' dir='ltr'><strong>est.</strong></span> <span class='ocrx_word' id='word_1_76' title='bbox 481 1025 642 1074; x_wconf 85' lang='lat' dir='ltr'><strong>Idibus</strong></span> <span class='ocrx_word' id='word_1_77' title='bbox 662 1027 822 1089; x_wconf 76' lang='lat' dir='ltr'><strong>Maiis,</strong></span> <span class='ocrx_word' id='word_1_78' title='bbox 845 1044 904 1076; x_wconf 86' lang='lat' dir='ltr'><strong>ex</strong></span> <span class='ocrx_word' id='word_1_79' title='bbox 925 1029 1095 1079; x_wconf 81' lang='lat' dir='ltr'><strong>castris.</strong></span> 
     </span>
    </p>
   </div>
   <div class='ocr_carea' id='block_1_3' title="bbox 468 1219 1227 1283">
    <p class='ocr_par' dir='ltr' id='par_1_5' title="bbox 468 1219 1227 1283">
     <span class='ocr_line' id='line_1_13' title="bbox 468 1219 1227 1283; baseline -0.004 -8"><span class='ocrx_word' id='word_1_80' title='bbox 468 1219 573 1283; x_wconf 85' lang='lat'><strong>(5.)</strong></span> <span class='ocrx_word' id='word_1_81' title='bbox 618 1221 871 1272; x_wconf 72' lang='lat' dir='ltr'><strong>cronno</strong></span> <span class='ocrx_word' id='word_1_82' title='bbox 904 1223 1145 1272; x_wconf 81' lang='lat' dir='ltr'>BRUTO</span> <span class='ocrx_word' id='word_1_83' title='bbox 1177 1225 1227 1271; x_wconf 80' lang='lat' dir='ltr'><strong>s</strong></span> 
     </span>
    </p>
   </div>
   <div class='ocr_carea' id='block_1_4' title="bbox 174 1347 1521 1479">
    <p class='ocr_par' dir='ltr' id='par_1_6' title="bbox 174 1347 1521 1479">
     <span class='ocr_line' id='line_1_14' title="bbox 239 1347 1521 1415; baseline 0.004 -20"><span class='ocrx_word' id='word_1_84' title='bbox 239 1347 631 1411; x_wconf 77' lang='lat' dir='ltr'><strong>(Argumentum.</strong></span> <span class='ocrx_word' id='word_1_85' title='bbox 650 1376 716 1388; x_wconf 92' lang='lat'><strong>—-</strong></span> <span class='ocrx_word' id='word_1_86' title='bbox 733 1350 901 1399; x_wconf 86' lang='lat' dir='ltr'><strong>Scribit</strong></span> <span class='ocrx_word' id='word_1_87' title='bbox 912 1367 941 1398; x_wconf 89' lang='lat' dir='ltr'><strong>a</strong></span> <span class='ocrx_word' id='word_1_88' title='bbox 956 1359 1118 1398; x_wconf 85' lang='lat' dir='ltr'><strong>senatu</strong></span> <span class='ocrx_word' id='word_1_89' title='bbox 1136 1349 1409 1415; x_wconf 70' lang='lat' dir='ltr'><strong>permissam</strong></span> <span class='ocrx_word' id='word_1_90' title='bbox 1421 1366 1521 1400; x_wconf 82' lang='lat' dir='ltr'><strong>esse</strong></span> 
     </span>
     <span class='ocr_line' id='line_1_15' title="bbox 174 1412 1517 1479; baseline 0.003 -19"><span class='ocrx_word' id='word_1_91' title='bbox 174 1412 369 1460; x_wconf 81' lang='lat' dir='ltr'><strong>arbitrio</strong></span> <span class='ocrx_word' id='word_1_92' title='bbox 387 1414 527 1462; x_wconf 85' lang='lat' dir='ltr'><strong>Bruti</strong></span> <span class='ocrx_word' id='word_1_93' title='bbox 547 1431 645 1463; x_wconf 87' lang='lat' dir='ltr'><strong>rem</strong></span> <span class='ocrx_word' id='word_1_94' title='bbox 666 1416 725 1464; x_wconf 89' lang='lat' dir='ltr'><strong>de</strong></span> <span class='ocrx_word' id='word_1_95' title='bbox 745 1413 993 1463; x_wconf 77' lang='lat' dir='ltr'><strong>Dolabella</strong></span> <span class='ocrx_word' id='word_1_96' title='bbox 1011 1414 1338 1479; x_wconf 86' lang='lat' dir='ltr'><strong>persequendo,</strong></span> <span class='ocrx_word' id='word_1_97' title='bbox 1362 1415 1420 1464; x_wconf 90' lang='lat' dir='ltr'><strong>de</strong></span> <span class='ocrx_word' id='word_1_98' title='bbox 1440 1416 1517 1463; x_wconf 81' lang='lat' dir='ltr'><strong>ea-</strong></span> 
     </span>
    </p>
   </div>
   <div class='ocr_carea' id='block_1_5' title="bbox 172 1479 1597 1541">
    <p class='ocr_par' dir='ltr' id='par_1_7' title="bbox 172 1479 1597 1541">
     <span class='ocr_line' id='line_1_16' title="bbox 172 1479 1597 1541; baseline 0.002 -17"><span class='ocrx_word' id='word_1_99' title='bbox 172 1493 271 1541; x_wconf 85' lang='lat' dir='ltr'><strong>que</strong></span> <span class='ocrx_word' id='word_1_100' title='bbox 300 1493 438 1525; x_wconf 83' lang='lat' dir='ltr'><strong>suum</strong></span> <span class='ocrx_word' id='word_1_101' title='bbox 458 1480 700 1528; x_wconf 87' lang='lat' dir='ltr'><strong>consilium</strong></span> <span class='ocrx_word' id='word_1_102' title='bbox 720 1479 947 1528; x_wconf 80' lang='lat' dir='ltr'><strong>ostendit:</strong></span> <span class='ocrx_word' id='word_1_103' title='bbox 983 1479 1133 1526; x_wconf 82' lang='lat' dir='ltr'><strong>filium</strong></span> <span class='ocrx_word' id='word_1_104' title='bbox 1163 1493 1304 1526; x_wconf 87' lang='lat' dir='ltr'><strong>suum</strong></span> <span class='ocrx_word' id='word_1_105' title='bbox 1331 1495 1379 1527; x_wconf 91' lang='lat' dir='ltr'><strong>se</strong></span> <span class='ocrx_word' id='word_1_106' title='bbox 1399 1479 1518 1527; x_wconf 83' lang='lat' dir='ltr'><strong>velle</strong></span> <span class='ocrx_word' id='word_1_107' title='bbox 1594 1502 1597 1503; x_wconf 39' lang='lat'><em>⁷</em></span> 
     </span>
    </p>
   </div>
   <div class='ocr_carea' id='block_1_6' title="bbox 168 1542 1519 1737">
    <p class='ocr_par' dir='ltr' id='par_1_8' title="bbox 168 1542 1519 1737">
     <span class='ocr_line' id='line_1_17' title="bbox 168 1542 1519 1608; baseline 0.002 -20"><span class='ocrx_word' id='word_1_108' title='bbox 168 1542 223 1588; x_wconf 86' lang='lat' dir='ltr'><strong>in</strong></span> <span class='ocrx_word' id='word_1_109' title='bbox 244 1542 490 1605; x_wconf 80' lang='lat' dir='ltr'><strong>collegium</strong></span> <span class='ocrx_word' id='word_1_110' title='bbox 502 1544 771 1608; x_wconf 87' lang='lat' dir='ltr'><strong>pontificum</strong></span> <span class='ocrx_word' id='word_1_111' title='bbox 792 1544 1027 1593; x_wconf 87' lang='lat' dir='ltr'><strong>minorum</strong></span> <span class='ocrx_word' id='word_1_112' title='bbox 1043 1546 1277 1592; x_wconf 78' lang='lat' dir='ltr'><strong>absentem</strong></span> <span class='ocrx_word' id='word_1_113' title='bbox 1289 1543 1519 1607; x_wconf 83' lang='lat' dir='ltr'><strong>cooptari;</strong></span> 
     </span>
     <span class='ocr_line' id='line_1_18' title="bbox 173 1606 1519 1672; baseline 0.001 -19"><span class='ocrx_word' id='word_1_114' title='bbox 173 1606 320 1670; x_wconf 88' lang='lat' dir='ltr'><strong>idque</strong></span> <span class='ocrx_word' id='word_1_115' title='bbox 340 1622 423 1669; x_wconf 86' lang='lat' dir='ltr'><strong>per</strong></span> <span class='ocrx_word' id='word_1_116' title='bbox 448 1609 572 1672; x_wconf 85' lang='lat' dir='ltr'><strong>leges</strong></span> <span class='ocrx_word' id='word_1_117' title='bbox 601 1609 859 1656; x_wconf 81' lang='lat' dir='ltr'><strong>Domitiam</strong></span> <span class='ocrx_word' id='word_1_118' title='bbox 886 1618 934 1657; x_wconf 94' lang='lat' dir='ltr'><strong>et</strong></span> <span class='ocrx_word' id='word_1_119' title='bbox 953 1610 990 1657; x_wconf 85' lang='lat' dir='ltr'><strong>J</strong></span> <span class='ocrx_word' id='word_1_120' title='bbox 991 1608 1136 1656; x_wconf 74' lang='lat' dir='ltr'><strong>uliam</strong></span> <span class='ocrx_word' id='word_1_121' title='bbox 1161 1607 1260 1656; x_wconf 86' lang='lat' dir='ltr'><strong>fieri</strong></span> <span class='ocrx_word' id='word_1_122' title='bbox 1287 1623 1418 1671; x_wconf 85' lang='lat' dir='ltr'><strong>posse</strong></span> <span class='ocrx_word' id='word_1_123' title='bbox 1438 1608 1519 1655; x_wconf 89' lang='lat' dir='ltr'><strong>de-</strong></span> 
     </span>
     <span class='ocr_line' id='line_1_19' title="bbox 170 1670 1421 1737; baseline 0.002 -19"><span class='ocrx_word' id='word_1_124' title='bbox 170 1679 432 1729; x_wconf 84' lang='lat' dir='ltr'><strong>monstrat,</strong></span> <span class='ocrx_word' id='word_1_125' title='bbox 470 1673 529 1720; x_wconf 87' lang='lat' dir='ltr'><strong>de</strong></span> <span class='ocrx_word' id='word_1_126' title='bbox 549 1689 643 1736; x_wconf 88' lang='lat' dir='ltr'><strong>quo</strong></span> <span class='ocrx_word' id='word_1_127' title='bbox 663 1673 937 1722; x_wconf 84' lang='lat' dir='ltr'><strong>sententiam</strong></span> <span class='ocrx_word' id='word_1_128' title='bbox 957 1674 1098 1722; x_wconf 84' lang='lat' dir='ltr'><strong>Bruti</strong></span> <span class='ocrx_word' id='word_1_129' title='bbox 1119 1672 1234 1727; x_wconf 79' lang='lat' dir='ltr'><strong>scire</strong></span> <span class='ocrx_word' id='word_1_130' title='bbox 1253 1670 1421 1767; x_wconf 79' lang='lat' dir='ltr'><strong>cupit.)</strong></span> 
     </span>
    </p>
   </div>
   <div class='ocr_carea' id='block_1_7' title="bbox 243 1800 1659 1866">
    <p class='ocr_par' dir='ltr' id='par_1_9' title="bbox 243 1800 1659 1866">
     <span class='ocr_line' id='line_1_20' title="bbox 243 1800 1659 1866; baseline 0.004 -18"><span class='ocrx_word' id='word_1_131' title='bbox 243 1800 307 1848; x_wconf 87' lang='lat' dir='ltr'><strong>A.</strong></span> <span class='ocrx_word' id='word_1_132' title='bbox 329 1800 897 1862; x_wconf 71' lang='lat' dir='ltr'><strong>iLVCalendasMaiaS,</strong></span> <span class='ocrx_word' id='word_1_133' title='bbox 929 1800 1231 1862; x_wconf 83' lang='lat' dir='ltr'><strong>cumdeiis,</strong></span> <span class='ocrx_word' id='word_1_134' title='bbox 1265 1801 1521 1866; x_wconf 80' lang='lat' dir='ltr'><strong>quihostes</strong></span> <span class='ocrx_word' id='word_1_135' title='bbox 1588 1826 1659 1843; x_wconf 36' lang='grc' dir='ltr'><strong>«Α</strong></span> 
     </span>
    </p>
   </div>
   <div class='ocr_carea' id='block_1_8' title="bbox 170 1865 1525 2318">
    <p class='ocr_par' dir='ltr' id='par_1_10' title="bbox 170 1865 1520 1943">
     <span class='ocr_line' id='line_1_21' title="bbox 170 1865 1520 1943; baseline 0.003 -31"><span class='ocrx_word' id='word_1_136' title='bbox 170 1865 368 1927; x_wconf 85' lang='lat' dir='ltr'><strong>judicati</strong></span> <span class='ocrx_word' id='word_1_137' title='bbox 388 1875 512 1925; x_wconf 86' lang='lat' dir='ltr'><strong>sunt,</strong></span> <span class='ocrx_word' id='word_1_138' title='bbox 535 1867 656 1915; x_wconf 92' lang='lat' dir='ltr'><strong>bello</strong></span> <span class='ocrx_word' id='word_1_139' title='bbox 687 1867 1027 1943; x_wconf 76' lang='lat' dir='ltr'><strong>persequendis,</strong></span> <span class='ocrx_word' id='word_1_140' title='bbox 1055 1867 1290 1916; x_wconf 82' lang='lat' dir='ltr'><strong>sententiae</strong></span> <span class='ocrx_word' id='word_1_141' title='bbox 1315 1867 1520 1916; x_wconf 86' lang='lat' dir='ltr'><strong>diceren</strong></span> 
     </span>
    </p>

    <p class='ocr_par' dir='ltr' id='par_1_11' title="bbox 172 1930 1525 2318">
     <span class='ocr_line' id='line_1_22' title="bbox 173 1930 1521 1992; baseline 0.004 -16"><span class='ocrx_word' id='word_1_142' title='bbox 173 1939 271 1989; x_wconf 84' lang='lat' dir='ltr'><strong>tur,</strong></span> <span class='ocrx_word' id='word_1_143' title='bbox 294 1930 415 1978; x_wconf 81' lang='lat' dir='ltr'><strong>dixit</strong></span> <span class='ocrx_word' id='word_1_144' title='bbox 433 1931 653 1979; x_wconf 88' lang='lat' dir='ltr'><strong>Servilius</strong></span> <span class='ocrx_word' id='word_1_145' title='bbox 678 1933 819 1980; x_wconf 83' lang='lat' dir='ltr'><strong>etiam</strong></span> <span class='ocrx_word' id='word_1_146' title='bbox 846 1931 904 1980; x_wconf 90' lang='lat' dir='ltr'><strong>de</strong></span> <span class='ocrx_word' id='word_1_147' title='bbox 930 1931 1162 1992; x_wconf 84' lang='lat' dir='ltr'><strong>Ventidio,</strong></span> <span class='ocrx_word' id='word_1_148' title='bbox 1187 1941 1233 1981; x_wconf 88' lang='lat' dir='ltr'><strong>et</strong></span> <span class='ocrx_word' id='word_1_149' title='bbox 1257 1941 1312 1981; x_wconf 89' lang='lat' dir='ltr'><strong>ut</strong></span> <span class='ocrx_word' id='word_1_150' title='bbox 1333 1932 1521 1981; x_wconf 85' lang='lat' dir='ltr'><strong>Cassius</strong></span> 
     </span>
     <span class='ocr_line' id='line_1_23' title="bbox 172 1994 1518 2059; baseline 0.004 -19"><span class='ocrx_word' id='word_1_151' title='bbox 172 2003 523 2058; x_wconf 82' lang='lat' dir='ltr'><strong>persequeretur</strong></span> <span class='ocrx_word' id='word_1_152' title='bbox 543 1996 852 2045; x_wconf 77' lang='lat' dir='ltr'><strong>Dolabellam.</strong></span> <span class='ocrx_word' id='word_1_153' title='bbox 887 1994 1103 2045; x_wconf 81' lang='lat' dir='ltr'><strong>Cuicum</strong></span> <span class='ocrx_word' id='word_1_154' title='bbox 1124 2013 1269 2047; x_wconf 89' lang='lat' dir='ltr'><strong>essem</strong></span> <span class='ocrx_word' id='word_1_155' title='bbox 1290 2013 1518 2059; x_wconf 84' lang='lat' dir='ltr'><strong>assensus,</strong></span> 
     </span>
     <span class='ocr_line' id='line_1_24' title="bbox 173 2057 1525 2138; baseline 0.003 -32"><span class='ocrx_word' id='word_1_156' title='bbox 173 2057 351 2106; x_wconf 82' lang='lat' dir='ltr'><strong>decrevi</strong></span> <span class='ocrx_word' id='word_1_157' title='bbox 374 2058 462 2107; x_wconf 88' lang='lat' dir='ltr'><strong>hoc</strong></span> <span class='ocrx_word' id='word_1_158' title='bbox 482 2061 699 2125; x_wconf 85' lang='lat' dir='ltr'><strong>amplius,</strong></span> <span class='ocrx_word' id='word_1_159' title='bbox 723 2070 778 2109; x_wconf 90' lang='lat' dir='ltr'><strong>ut</strong></span> <span class='ocrx_word' id='word_1_160' title='bbox 797 2069 867 2121; x_wconf 90' lang='lat' dir='ltr'><strong>tu,</strong></span> <span class='ocrx_word' id='word_1_161' title='bbox 899 2062 940 2110; x_wconf 90' lang='lat' dir='ltr'><strong>si</strong></span> <span class='ocrx_word' id='word_1_162' title='bbox 960 2062 1227 2112; x_wconf 81' lang='lat' dir='ltr'><strong>arbitrarere</strong></span> <span class='ocrx_word' id='word_1_163' title='bbox 1246 2064 1378 2122; x_wconf 87' lang='lat' dir='ltr'><strong>utile,</strong></span> <span class='ocrx_word' id='word_1_164' title='bbox 1402 2078 1525 2138; x_wconf 88' lang='lat' dir='ltr'><strong>eque</strong></span> 
     </span>
     <span class='ocr_line' id='line_1_25' title="bbox 175 2123 1521 2190; baseline 0.003 -20"><span class='ocrx_word' id='word_1_165' title='bbox 175 2138 228 2170; x_wconf 91' lang='lat' dir='ltr'><strong>re</strong></span> <span class='ocrx_word' id='word_1_166' title='bbox 261 2123 450 2187; x_wconf 82' lang='lat' dir='ltr'><strong>publica</strong></span> <span class='ocrx_word' id='word_1_167' title='bbox 479 2140 590 2184; x_wconf 85' lang='lat' dir='ltr'><strong>esse,</strong></span> <span class='ocrx_word' id='word_1_168' title='bbox 621 2141 938 2190; x_wconf 86' lang='lat' dir='ltr'><strong>persequerere</strong></span> <span class='ocrx_word' id='word_1_169' title='bbox 966 2127 1090 2175; x_wconf 89' lang='lat' dir='ltr'><strong>bello</strong></span> <span class='ocrx_word' id='word_1_170' title='bbox 1117 2127 1445 2176; x_wconf 84' lang='lat' dir='ltr'><strong>Dolabellam·</strong></span> <span class='ocrx_word' id='word_1_171' title='bbox 1480 2126 1521 2174; x_wconf 87' lang='lat' dir='ltr'><strong>si</strong></span> 
     </span>
     <span class='ocr_line' id='line_1_26' title="bbox 172 2187 1524 2254; baseline 0.001 -20"><span class='ocrx_word' id='word_1_172' title='bbox 172 2187 333 2235; x_wconf 86' lang='lat' dir='ltr'><strong>minus</strong></span> <span class='ocrx_word' id='word_1_173' title='bbox 347 2187 396 2234; x_wconf 92' lang='lat' dir='ltr'><strong>id</strong></span> <span class='ocrx_word' id='word_1_174' title='bbox 410 2189 651 2238; x_wconf 89' lang='lat' dir='ltr'><strong>commodo</strong></span> <span class='ocrx_word' id='word_1_175' title='bbox 671 2191 934 2254; x_wconf 81' lang='lat' dir='ltr'><strong>reipublicae</strong></span> <span class='ocrx_word' id='word_1_176' title='bbox 953 2190 1100 2239; x_wconf 82' lang='lat' dir='ltr'><strong>facere</strong></span> <span class='ocrx_word' id='word_1_177' title='bbox 1314 2192 1408 2238; x_wconf 86' lang='lat' dir='ltr'><strong>sive</strong></span> <span class='ocrx_word' id='word_1_178' title='bbox 1428 2204 1524 2237; x_wconf 87' lang='grc'>11011</span> 
     </span>
     <span class='ocr_line' id='line_1_27' title="bbox 173 2207 1522 2318; baseline -0.002 -16"><span class='ocrx_word' id='word_1_179' title='bbox 173 2251 460 2302; x_wconf 84' lang='lat' dir='ltr'><strong>existimares</strong></span> <span class='ocrx_word' id='word_1_180' title='bbox 481 2269 507 2301; x_wconf 92' lang='lat' dir='ltr'><strong>e</strong></span> <span class='ocrx_word' id='word_1_181' title='bbox 528 2269 577 2302; x_wconf 90' lang='lat' dir='ltr'><strong>re</strong></span> <span class='ocrx_word' id='word_1_182' title='bbox 592 2254 779 2318; x_wconf 68' lang='lat' dir='ltr'><strong>publica</strong></span> <span class='ocrx_word' id='word_1_183' title='bbox 792 2271 903 2315; x_wconf 88' lang='lat' dir='ltr'><strong>esse,</strong></span> <span class='ocrx_word' id='word_1_184' title='bbox 914 2263 968 2302; x_wconf 87' lang='lat' dir='ltr'><strong>ut</strong></span> <span class='ocrx_word' id='word_1_185' title='bbox 980 2256 1030 2303; x_wconf 88' lang='lat' dir='ltr'><strong>in</strong></span> <span class='ocrx_word' id='word_1_186' title='bbox 1043 2207 1338 2302; x_wconf 52' lang='lat' dir='ltr'><strong>m</strong></span> <span class='ocrx_word' id='word_1_187' title='bbox 1350 2253 1522 2300; x_wconf 85' lang='lat' dir='ltr'><strong>exerci-</strong></span> 
     </span>
    </p>
   </div>
   <div class='ocr_carea' id='block_1_9' title="bbox 173 2316 1569 2381">
    <p class='ocr_par' dir='ltr' id='par_1_12' title="bbox 173 2316 1569 2381">
     <span class='ocr_line' id='line_1_28' title="bbox 173 2316 1569 2381; baseline 0 -18"><span class='ocrx_word' id='word_1_188' title='bbox 173 2323 280 2363; x_wconf 83' lang='lat' dir='ltr'><strong>tum</strong></span> <span class='ocrx_word' id='word_1_189' title='bbox 316 2317 582 2366; x_wconf 82' lang='lat' dir='ltr'><strong>contineres.</strong></span> <span class='ocrx_word' id='word_1_190' title='bbox 628 2319 766 2366; x_wconf 90' lang='lat' dir='ltr'><strong>Nihil</strong></span> <span class='ocrx_word' id='word_1_191' title='bbox 794 2319 1166 2368; x_wconf 86' lang='lat' dir='ltr'><strong>honorificentius</strong></span> <span class='ocrx_word' id='word_1_192' title='bbox 1193 2317 1344 2381; x_wconf 86' lang='lat' dir='ltr'><strong>potuit</strong></span> <span class='ocrx_word' id='word_1_193' title='bbox 1374 2316 1522 2364; x_wconf 77' lang='lat' dir='ltr'><strong>facere</strong></span> <span class='ocrx_word' id='word_1_194' title='bbox 1566 2336 1569 2345; x_wconf 49' lang='lat'>³</span> 
     </span>
    </p>
   </div>
   <div class='ocr_carea' id='block_1_10' title="bbox 173 2380 1522 2511">
    <p class='ocr_par' dir='ltr' id='par_1_13' title="bbox 173 2380 1522 2511">
     <span class='ocr_line' id='line_1_29' title="bbox 174 2380 1522 2444; baseline -0.001 -16"><span class='ocrx_word' id='word_1_195' title='bbox 174 2389 377 2439; x_wconf 81' lang='lat' dir='ltr'><strong>senatus,</strong></span> <span class='ocrx_word' id='word_1_196' title='bbox 401 2397 544 2444; x_wconf 89' lang='lat' dir='ltr'><strong>quam</strong></span> <span class='ocrx_word' id='word_1_197' title='bbox 573 2391 629 2430; x_wconf 90' lang='lat' dir='ltr'><strong>ut</strong></span> <span class='ocrx_word' id='word_1_198' title='bbox 656 2391 793 2432; x_wconf 90' lang='lat' dir='ltr'><strong>tuum</strong></span> <span class='ocrx_word' id='word_1_199' title='bbox 818 2391 936 2432; x_wconf 82' lang='lat' dir='ltr'><strong>esset</strong></span> <span class='ocrx_word' id='word_1_200' title='bbox 957 2381 1205 2444; x_wconf 86' lang='lat' dir='ltr'><strong>judicium,</strong></span> <span class='ocrx_word' id='word_1_201' title='bbox 1228 2380 1343 2444; x_wconf 84' lang='lat' dir='ltr'><strong>quid</strong></span> <span class='ocrx_word' id='word_1_202' title='bbox 1370 2381 1522 2428; x_wconf 80' lang='lat' dir='ltr'><strong>maxi-</strong></span> 
     </span>
     <span class='ocr_line' id='line_1_30' title="bbox 173 2445 1189 2511; baseline 0.001 -20"><span class='ocrx_word' id='word_1_203' title='bbox 173 2459 256 2492; x_wconf 89' lang='lat' dir='ltr'><strong>me</strong></span> <span class='ocrx_word' id='word_1_204' title='bbox 268 2445 519 2494; x_wconf 85' lang='lat' dir='ltr'><strong>conducere</strong></span> <span class='ocrx_word' id='word_1_205' title='bbox 538 2447 601 2495; x_wconf 90' lang='lat' dir='ltr'><strong>rei</strong></span> <span class='ocrx_word' id='word_1_206' title='bbox 623 2449 820 2511; x_wconf 83' lang='lat' dir='ltr'><strong>publicae</strong></span> <span class='ocrx_word' id='word_1_207' title='bbox 839 2447 927 2496; x_wconf 87' lang='lat' dir='ltr'><strong>tibi</strong></span> <span class='ocrx_word' id='word_1_208' title='bbox 947 2446 1189 2494; x_wconf 85' lang='lat' dir='ltr'><strong>videretur.</strong></span> 
     </span>
    </p>
   </div>
   <div class='ocr_carea' id='block_1_11' title="bbox 239 2508 1601 2583">
    <p class='ocr_par' dir='ltr' id='par_1_14' title="bbox 239 2508 1601 2583">
     <span class='ocr_line' id='line_1_31' title="bbox 239 2508 1601 2583; baseline 0 -27"><span class='ocrx_word' id='word_1_209' title='bbox 239 2509 482 2583; x_wconf 84' lang='lat' dir='ltr'><strong>Equidem</strong></span> <span class='ocrx_word' id='word_1_210' title='bbox 499 2511 564 2559; x_wconf 80' lang='grc'><strong>010</strong></span> <span class='ocrx_word' id='word_1_211' title='bbox 584 2512 746 2569; x_wconf 81' lang='lat' dir='ltr'><strong>sentio,</strong></span> <span class='ocrx_word' id='word_1_212' title='bbox 777 2513 817 2560; x_wconf 86' lang='lat' dir='ltr'><strong>si</strong></span> <span class='ocrx_word' id='word_1_213' title='bbox 843 2525 1039 2559; x_wconf 81' lang='lat' dir='ltr'><strong>manum</strong></span> <span class='ocrx_word' id='word_1_214' title='bbox 1059 2509 1215 2568; x_wconf 89' lang='lat' dir='ltr'><strong>habet,</strong></span> <span class='ocrx_word' id='word_1_215' title='bbox 1234 2509 1278 2556; x_wconf 80' lang='lat' dir='ltr'><strong>si</strong></span> <span class='ocrx_word' id='word_1_216' title='bbox 1298 2516 1459 2566; x_wconf 79' lang='lat' dir='ltr'><strong>castra,</strong></span> <span class='ocrx_word' id='word_1_217' title='bbox 1483 2508 1524 2557; x_wconf 88' lang='lat' dir='ltr'><strong>si</strong></span> <span class='ocrx_word' id='word_1_218' title='bbox 1596 2521 1601 2524; x_wconf 79' lang='grc'><strong><em>’</em></strong></span> 
     </span>
    </p>
   </div>
   <div class='ocr_carea' id='block_1_12' title="bbox 174 2543 1529 2826">
    <p class='ocr_par' dir='ltr' id='par_1_15' title="bbox 174 2543 1523 2650">
     <span class='ocr_line' id='line_1_32' title="bbox 174 2543 1523 2650; baseline -0.001 -30"><span class='ocrx_word' id='word_1_219' title='bbox 174 2572 260 2621; x_wconf 85' lang='lat' dir='ltr'><strong>ubi</strong></span> <span class='ocrx_word' id='word_1_220' title='bbox 281 2574 497 2622; x_wconf 82' lang='lat' dir='ltr'><strong>consistat</strong></span> <span class='ocrx_word' id='word_1_221' title='bbox 516 2575 701 2650; x_wconf 84' lang='lat' dir='ltr'><strong>uspiam</strong></span> <span class='ocrx_word' id='word_1_222' title='bbox 722 2546 986 2635; x_wconf 83' lang='lat' dir='ltr'><strong>Dolabella,</strong></span> <span class='ocrx_word' id='word_1_223' title='bbox 1012 2573 1072 2621; x_wconf 83' lang='lat' dir='ltr'><strong>ad</strong></span> <span class='ocrx_word' id='word_1_224' title='bbox 1103 2543 1245 2620; x_wconf 68' lang='lat' dir='ltr'><strong>fidei’n</strong></span> <span class='ocrx_word' id='word_1_225' title='bbox 1273 2580 1320 2620; x_wconf 87' lang='lat' dir='ltr'><strong>et</strong></span> <span class='ocrx_word' id='word_1_226' title='bbox 1339 2571 1399 2619; x_wconf 86' lang='lat' dir='ltr'><strong>ad</strong></span> <span class='ocrx_word' id='word_1_227' title='bbox 1419 2571 1523 2635; x_wconf 81' lang='lat' dir='ltr'><strong>dig-</strong></span> 
     </span>
    </p>

    <p class='ocr_par' dir='ltr' id='par_1_16' title="bbox 177 2634 1523 2701">
     <span class='ocr_line' id='line_1_33' title="bbox 177 2634 1523 2701; baseline -0.001 -17"><span class='ocrx_word' id='word_1_228' title='bbox 177 2637 373 2684; x_wconf 86' lang='lat' dir='ltr'><strong>nitatem</strong></span> <span class='ocrx_word' id='word_1_229' title='bbox 409 2645 539 2686; x_wconf 86' lang='lat' dir='ltr'><strong>tuam</strong></span> <span class='ocrx_word' id='word_1_230' title='bbox 728 2655 820 2700; x_wconf 86' lang='lat' dir='ltr'><strong>ere,</strong></span> <span class='ocrx_word' id='word_1_231' title='bbox 850 2654 961 2687; x_wconf 92' lang='lat' dir='ltr'><strong>eum</strong></span> <span class='ocrx_word' id='word_1_232' title='bbox 988 2636 1217 2701; x_wconf 82' lang='lat' dir='ltr'><strong>persequi.</strong></span> <span class='ocrx_word' id='word_1_233' title='bbox 1265 2635 1342 2684; x_wconf 85' lang='lat' dir='ltr'><strong>De</strong></span> <span class='ocrx_word' id='word_1_234' title='bbox 1374 2634 1523 2684; x_wconf 83' lang='lat' dir='ltr'><strong>Cassii</strong></span> 
     </span>
    </p>

    <p class='ocr_par' dir='ltr' id='par_1_17' title="bbox 175 2699 1529 2826">
     <span class='ocr_line' id='line_1_34' title="bbox 175 2699 1529 2766; baseline -0.001 -18"><span class='ocrx_word' id='word_1_235' title='bbox 175 2700 322 2749; x_wconf 85' lang='lat' dir='ltr'><strong>nostri</strong></span> <span class='ocrx_word' id='word_1_236' title='bbox 360 2701 503 2764; x_wconf 87' lang='lat' dir='ltr'><strong>copiis</strong></span> <span class='ocrx_word' id='word_1_237' title='bbox 682 2704 967 2761; x_wconf 72' lang='lat' dir='ltr'><strong>edebamus.</strong></span> <span class='ocrx_word' id='word_1_238' title='bbox 1001 2716 1153 2766; x_wconf 85' lang='lat' dir='ltr'><strong>neque</strong></span> <span class='ocrx_word' id='word_1_239' title='bbox 1183 2700 1309 2749; x_wconf 87' lang='lat' dir='ltr'><strong>enim</strong></span> <span class='ocrx_word' id='word_1_240' title='bbox 1339 2701 1400 2748; x_wconf 88' lang='lat' dir='ltr'><strong>ab</strong></span> <span class='ocrx_word' id='word_1_241' title='bbox 1426 2699 1529 2762; x_wconf 85' lang='lat' dir='ltr'><strong>ipso</strong></span> 
     </span>
     <span class='ocr_line' id='line_1_35' title="bbox 240 2765 1203 2826; baseline 0.002 -15"><span class='ocrx_word' id='word_1_242' title='bbox 240 2765 445 2826; x_wconf 73' lang='lat' dir='ltr'><strong>(Epist.)</strong></span> <span class='ocrx_word' id='word_1_243' title='bbox 467 2779 601 2816; x_wconf 78' lang='lat' dir='ltr'><strong>vor..</strong></span> <span class='ocrx_word' id='word_1_244' title='bbox 628 2780 718 2815; x_wconf 83' lang='lat'><strong>111.</strong></span> <span class='ocrx_word' id='word_1_245' title='bbox 1107 2767 1203 2813; x_wconf 69' lang='lat'><strong>211</strong></span> 
     </span>
    </p>
   </div>
  </div>
 </body>
</html>
