1784 3009
363 178 527 252 “AD
557 179 875 231 BRUTUM.
910 180 1101 237 Eius-r.
1141 182 1213 238 17
1389 180 1486 237 373

144 309 249 359 ἐι)
275 308 688 386 Atquieotendit,
709 309 758 357 id
782 309 897 372 agit,
919 308 1104 357 adeum
1125 309 1302 357 exitum
1322 322 1489 373 prope-

144 384 223 423 rat
242 374 316 422 vir
335 375 555 437 optimus,
577 383 631 421 ut
652 375 711 422 sit
733 375 801 421 illi
821 373 1046 422 Octavius
1059 373 1305 448 ‘propitius-

139 472 147 479 .
212 439 324 502 Ego
353 453 459 486 vero
476 440 575 500 jam
595 439 651 486 iis
630 439 847 487 <artibus
875 438 994 485 nihil
1015 437 1184 496 tribuo,
1207 436 1376 512 quibus
1396 437 1489 486 scio

145 504 419 552 Ciceronem
440 502 840 550 instructissimum
858 518 967 550 esse.
1000 502 1132 560 Quid
1148 502 1271 549 enim
1291 501 1362 548 illi
1383 518 1489 565 pro-

146 576 279 625 sumt,
302 583 409 631 quae
428 583 512 629 pro
526 566 734 614 libertate
754 567 932 630 patriae,
956 567 1014 613 de
1035 565 1272 629 dignitate,
1296 581 1410 641 ‘quae
1431 567 1489 614 de

144 640 317 689 morte,
363 631 539 689 exsilio,
590 639 874 706 paupertate,
922 630 1099 694 scripsit
1141 630 1450 694 copiosissime
1465 633 1489 679 ἲ

147 682 346 771 Quaxsto
366 704 521 743 autem
541 695 690 770 magis
719 696 801 742 illa
830 694 992 743 callere
1013 695 1194 742 videtur
1223 694 1486 757 Philippus,

137 758 1489 885 {Yiusstnffgfflfflffizffiugssfflissmfflfflss

144 889 328 936 dolores
353 897 541 936 nostros.
576 887 708 945 Quid
728 886 852 935 enim
878 888 1050 947 nostra,
1073 889 1244 936 victum
1267 903 1362 939 esse
1384 889 1487 935 An-

145 953 348 1012 tonium,
372 952 412 999 si
432 952 578 1000 victus
602 959 687 1009 εει,
710 960 764 999 ιιι
783 951 863 998 alii
894 960 1145 1027 vacaret‚q
1144 951 1238 999 uod
1265 953 1345 1001 ille
1366 954 1486 1001 obti-

143 1017 290 1065 nuit?
323 1015 504 1065 tametsi
532 1024 626 1064 tuae
651 1015 796 1064 literae
822 1015 968 1065 dubia
991 969 1145 1064 etiam
1151 1031 1276 1065 nunc
1309 1017 1484 1081 signifi·

143 1090 267 1130 mnt-

211 1145 357 1193 Vivat
379 1145 601 1205 (hercule)
626 1142 803 1206 Cicero,
825 1145 909 1210 qui
928 1154 1093 1209 potest,
1116 1146 1311 1209 supplex
1333 1155 1379 1194 et
1399 1148 1483 1194 ob-

144 1209 332 1268 noxius,
367 1209 408 1257 si
428 1225 577 1274 neque
597 1209 758 1269 matis,
791 1226 942 1272 neque
962 1211 1207 1268 honorum,
1240 1225 1402 1291 neque
1410 1227 1483 1259 re-

139 1290 254 1322 mm
274 1281 526 1337 gestarum,-
588 1274 712 1322 udet.
742 1244 851 1336 'Ego
876 1283 1012 1334 certe,
1035 1273 1149 1336 quin
1183 1288 1290 1320 cum
1310 1273 1411 1348 ipsa
1432 1290 1482 1322 re

140 1339 324 1388 bellum
350 1353 525 1401 geram,
551 1291 639 1387 llioc
660 1346 744 1394 est,
779 1353 887 1386 cum
913 1352 1071 1400 regno,
1102 1346 1149 1384 et
1175 1336 1379 1398 imperiis
1400 1353 1482 1385 ex·

143 1402 470 1461 traordinariis,
493 1411 539 1450 et
572 1401 900 1477 dominatione,
924 1409 970 1449 et
989 1400 1195 1464 potentia
1216 1416 1322 1462 quae
1342 1417 1481 1464 supra

141 1468 270 1530 leges
290 1482 339 1514 se
359 1482 454 1514 esse
473 1467 600 1527 velit,
634 1467 766 1514 nulla
786 1466 872 1514 erit
892 1475 990 1513 tam
1009 1467 1132 1513 bona
1151 1463 1349 1512 conditio
1387 1481 1481 1511 εει·-

142 1531 316 1588 viendi,
349 1531 446 1594 qua
480 1531 723 1591 deterrear,
761 1530 974 1594 quamvis
1011 1529 1071 1578 sit
1111 1528 1182 1576 vir
1217 1530 1367 1576 bonus
1404 1530 1481 1592 (ιιι

143 1593 325 1656 scribis)
349 1547 623 1643 Antonius·
658 1594 784 1658 quod
817 1608 904 1658 ego
929 1608 1171 1657 nunquam
1205 1593 1478 1641 existimavi.

139 1660 237 1709 Sed
256 1659 516 1720 dominum,
545 1674 607 1708 ne
626 1667 862 1723 parentem
890 1658 1096 1723 quidem,
1119 1659 1315 1719 majores
1336 1657 1480 1706 nostri

140 1725 388 1772 voluerunt
407 1739 515 1772 εεεε.

207 1789 282 1836 Te
310 1787 399 1835 nisi
429 1796 610 1835 tantum
640 1803 860 1847 amarem,
883 1794 1114 1852 quantum
1144 1785 1352 1834 Ciceroni
1373 1801 1479 1849 per-

139 1868 332 1966 'mmmm
352 1852 710 1992 ῗοῗέἶείωἶῗ
730 1852 952 1980 ffiw‘t'ss
960 1850 1135 1964 ¹¹33?
1154 1850 1478 1964 ῗωΐὲοὲἳὲιὲ·

1457 1949 1473 1975 9

137 1980 483 2030 amantissimus
503 1988 606 2028 tum
639 1989 827 2029 tuorum
847 1981 1077 2038 omnium,
1100 1989 1203 2028 tum
1225 1979 1476 2029 Ciceronis.

136 2046 230 2096 Sed
263 2045 485 2109 persuade
517 2045 620 2104 tibi,
646 2044 705 2093 de
738 2045 974 2093 voluntate
1001 2044 1188 2109 propria
1219 2045 1326 2093 mea
1358 2044 1478 2093 nihil

136 2125 233 2158 esse
253 2110 515 2184 remissum,
537 2109 595 2157 de
619 2109 792 2171 judicio
811 2110 1013 2172 largiter.
1048 2111 1217 2172 Neque
1238 2110 1364 2157 enim
1384 2109 1476 2157 im-

133 2174 307 2237 peti-ari
322 2182 486 2237 potest,
504 2173 636 2236 quin,
644 2174 796 2248 ‘quale
811 2174 1018 2238 quidque
1032 2174 1240 2222 videatur
1254 2173 1314 2231 ei,
1332 2173 1476 2221 talem

134 2239 334 2303 quisque
353 2238 412 2286 de
432 2237 513 2284 illo
532 2237 795 2312 opinionem
814 2238 996 2286 habeat.

200 2302 406 2362 Vellem,
442 2301 559 2349 mihi
585 2302 851 2376 scripsisses,
881 2311 989 2366 quae
1018 2301 1296 2350 conditiones
1329 2307 1478 2348 essent

132 2368 311 2415 Atticae
331 2374 526 2414 nostraez
559 2374 809 2429 potuissem
830 2366 927 2429 aliq
926 2366 1007 2413 uid
1030 2366 1115 2412 tibi
1136 2365 1194 2411 de
1212 2378 1317 2411 meo
1339 2377 1478 2410 sensu

130 2431 425 2506 persei-ihere·
463 2429 791 2479 Valetudinem
805 2431 980 2478 Pordae
993 2444 1110 2476 meae
1131 2427 1217 2476 tibi
1237 2442 1359 2475 curae
1380 2442 1478 2474 esse

131 2510 230 2544 non
267 2495 421 2543 miror.
456 2482 690 2560 Denique,
725 2494 852 2560 quod
880 2493 1016 2558 petiz,
1045 2492 1212 2541 faciam
1245 2491 1474 2538 libenter.

130 2573 247 2607 nam
269 2558 408 2606 etiam
428 2574 599 2608 sorores
619 2574 696 2607 me
716 2567 910 2624 rogantz
945 2565 991 2607 et
1017 2555 1254 2605 hominem
1275 2556 1406 2611 ιιόιο,
1429 2562 1477 2603 ει

130 2622 251 2688 quid
272 2621 359 2670 sibi
380 2622 589 2672 voluerit.
633 2623 766 2673 Vale.

202 2688 407 2749 (Epist.)
430 2700 559 2738 von.
585 2700 676 2735 ιιι.
1062 2687 1093 2732 2
1119 2697 1155 2733 ιι
