1784 3009
382 172 485 224 Im
515 175 580 236 Q.
615 170 975 226 FRATREM.
1008 176 1123 225 Ian.
1147 179 1191 226 1.
1225 181 1272 226 2.
1400 182 1496 238 287

164 306 257 370 legi
272 323 289 354 ε
322 313 388 368 et,
410 306 450 354 si
463 270 758 370 iniquae'sint,
775 305 874 354 fieri
894 304 1186 355 tecertiorem
1202 324 1216 353 ε
1250 315 1498 371 antequam

166 384 273 447 vero
291 371 393 435 ipse
412 371 473 418 ad
500 381 546 420 te
565 371 774 482 venisslet‚
801 370 987 482 nullperln
1016 369 1499 484 delectumigffrarum

164 435 334 484 fiusse:
371 451 430 484 ex
451 452 504 484 eo
526 452 622 484 esse
645 449 881 483 voumma
966 441 1167 482 ectarum
1188 450 1245 498 ep
1332 435 1499 495 lamm,

164 516 271 564 quae
286 500 557 564 reprehendi
578 501 785 549 solerent.

228 566 338 613 Hoc
353 565 412 613 de
431 582 595 628 genere
615 565 733 613 nihil
752 573 799 612 te
819 578 944 611 nunc
966 562 1151 626 quidem
1173 577 1363 612 moneo:
1402 580 1500 614 sero

165 637 233 678 est
254 630 410 677 enim:
445 645 499 678 ac
518 630 630 677 scire
648 637 794 692 potes,
820 628 970 675 multa
989 643 1066 674 me
1096 629 1218 675 varie
1238 626 1499 691 diligenter..

196 708 256 742 ue
274 694 522 742 monuisse.
556 695 686 742 Illud
705 703 876 753 tamen,
901 691 1026 755 quod
1042 692 1346 756 Theopompo
1366 709 1500 742 man-

222 759 287 818 vi,
306 773 415 806 cum
436 774 581 807 essem
597 758 858 806 admonitus
870 758 929 805 ab
942 757 1058 819 ipso,
1074 756 1176 804 vide
1188 772 1271 820 per
1290 757 1498 808 homines

163 831 371 870 amantes
392 822 480 882 tui,
503 822 629 887 quod
648 831 716 870 est
735 822 883 881 facile,
905 829 960 868 ut
978 821 1076 869 haec
1096 835 1263 883 genera
1276 823 1497 871 tollantur

163 887 479 950 epistolarum,
502 888 708 950 primum
737 885 1019 950 iniquarum,
1055 884 1220 934 deinde
1251 888 1497 936 contraria-

161 965 288 1009 rum,
313 959 418 998 tum
437 951 632 999 absurde
653 960 698 999 et
718 951 930 998 inusitate
945 948 1249 1013 scriptarum3
1272 961 1501 1014 postremo

162 1015 213 1062 in
233 1014 440 1078 aliquem
460 1015 905 1064 contumeliosamm.

226 1078 389 1142 Atque
419 1094 504 1142 ego
529 1078 629 1127 haee
648 1087 745 1127 tam
766 1094 876 1139 esse,
899 1092 1042 1154 quam
1062 1077 1216 1138 audio,
1238 1093 1332 1128 non
1347 1089 1493 1144 puto:

161 1151 227 1205 et,
255 1143 297 1192 si
326 1151 436 1191 sunt
467 1143 837 1206 occupationibus
856 1152 952 1191 tuis
977 1142 1132 1190 minus
1163 1143 1493 1207 animadversa,

160 1223 290 1256 nunc
311 1207 512 1271 perspice
532 1218 578 1255 et
596 1223 758 1270 purga.
805 1207 927 1269 Legi
958 1206 1212 1269 epistolam,
1235 1224 1378 1271 quam
1397 1210 1497 1273 ipse

160 1270 1498 1399 ffiffissffiffifflmwnsslfflgzfflzffiffib‘ae

161 1399 379 1475 epistolis.
413 1400 560 1457 Nam,
583 1415 690 1447 cum
705 1400 825 1447 hanc
839 1398 1058 1461 paginam
1073 1353 1501 1456 tenerem‚,121.'⁸⁰Fla-

160 1480 298 1577 ιιι
321 1464 800 1576 &messanen
833 1460 1499 1589 tssaffzrxssfflz’mffamffl

238 1575 244 1580 .
560 1561 573 1575 0
800 1562 815 1587 ’
1479 1559 1500 1570 fl

160 1600 283 1641 teras
313 1593 488 1640 misisse
505 1609 521 1650 ς
555 1604 661 1656 quae
677 1591 797 1639 mihi
816 1590 925 1639 visae
946 1598 1053 1637 sunt
1073 1589 1372 1652 iniquissimae
1389 1608 1405 1648 ς
1439 1608 1500 1641 ne

160 1657 280 1720 quid
300 1657 358 1704 de
377 1657 524 1716 bonis,
548 1673 652 1720 quae
673 1655 732 1704 L.
757 1654 941 1704 Octavii
972 1654 1172 1702 Nasonis
1194 1653 1401 1714 fuissent,
1424 1658 1499 1705 eui

163 1721 225 1768 L.
263 1720 453 1769 Flavius
488 1720 632 1769 haeres
669 1729 752 1779 est,
787 1719 1094 1767 diminuerent
1123 1727 1232 1766 ante
1269 1735 1410 1782 quam
1436 1720 1494 1770 C.

161 1785 411 1844 Eundanio
430 1784 673 1849 pecuniam
703 1784 953 1832 solvissent.
993 1783 1207 1842 Itemque
1233 1783 1408 1832 misisse
1439 1786 1500 1833 ad

162 1849 580 1914 Apollonidienses‚
611 1862 671 1896 ne
709 1849 767 1896 de
786 1848 935 1907 bonis,
960 1863 1065 1911 quae
1086 1846 1268 1895 Octavii
1287 1847 1498 1909 fuissent,

161 1913 364 1961 diminui
395 1921 674 1976 paterentur,
708 1913 978 1976 priusquam
1009 1910 1252 1959 Fundanio
1288 1912 1496 1962 debitum

163 1978 370 2026 solutum
393 1985 524 2026 esset.
570 1977 689 2025 Haee
714 1977 832 2024 mihi
868 1975 1129 2024 verisimilia
1148 1991 1242 2024 non
1270 1977 1497 2026 videntur.

164 2042 289 2091 Sunt
309 2042 436 2089 enim
456 2057 486 2090 a
536 2041 748 2089 rudenti&
778 2040 862 2088 tua,
888 2039 1202 2089 remotissima.
1250 2042 1329 2090 Ne
1360 2043 1497 2091 dimi-

164 2113 282 2154 nuat
295 2106 439 2154 haeres
454 2108 477 2153 ἲ
551 2105 632 2153 uid
648 2105 687 2153 si
701 2105 929 2153 inficiatur
943 2107 966 2153 ἓ
989 2104 1119 2163 Quid
1140 2105 1178 2152 si
1197 2107 1385 2154 omnino
1401 2122 1494 2154 non

165 2170 360 2219 debetur
373 2172 396 2218 Ρ
412 2169 580 2228 Quid?
600 2177 766 2233 praetor
781 2169 897 2217 solet
906 2169 1110 2231 judicare
1124 2169 1279 2218 deberi
1288 2173 1311 2218 ἒ
1334 2170 1465 2230 Quid
1474 2174 1496 2219 ?

166 2249 253 2299 ego
269 2233 513 2282 Fundanio
529 2249 623 2282 non
637 2233 772 2297 cupio
786 2236 809 2282 ἒ
841 2247 935 2280 non
949 2232 1123 2282 anneus
1137 2248 1241 2281 sum
1252 2236 1275 2282 Ρ
1297 2249 1390 2280 non
1410 2234 1500 2281 mi-

166 2298 411 2348 sericordia
430 2313 615 2347 moveor
628 2300 655 2346 Ρ
685 2313 820 2345 nemo
838 2298 1021 2360 magis:
1057 2297 1135 2344 sed
1156 2297 1230 2344 via
1245 2297 1363 2357 juris
1378 2298 1501 2357 ejus-

166 2363 297 2413 modi
317 2371 385 2412 est
404 2363 681 2426 quibusdam
701 2361 751 2409 in
771 2363 924 2420 rebus,
941 2371 995 2409 ut
1009 2360 1126 2408 nihil
1147 2360 1205 2407 sit
1218 2359 1307 2407 loci
1326 2360 1501 2423 gratiae.

231 2427 397 2491 Atque
429 2427 496 2474 ita
521 2426 640 2475 mihi
676 2425 853 2474 dicebat
888 2425 1079 2474 Flavius
1108 2423 1328 2487 seriptum
1358 2423 1408 2470 in
1446 2425 1502 2472 eii

167 2492 379 2555 epistola,
403 2507 546 2555 quam
561 2499 693 2539 tuam
709 2505 804 2538 aese
819 2490 1013 2547 dicebat,
1031 2497 1077 2536 te
1089 2494 1171 2535 aut
1191 2487 1322 2561 quasi
1344 2488 1503 2536 amieis

166 2555 261 2605 tuis
289 2555 461 2619 gratias
480 2564 708 2613 acturum,
732 2563 815 2602 aut
834 2554 966 2615 quasi
989 2550 1186 2600 inimicis
1214 2552 1505 2616 incommoda

166 2620 393 2671 laturum.
445 2619 576 2678 Quid
608 2618 758 2667 multa
773 2621 796 2667 ἓ
829 2619 1003 2666 ferebat
1030 2614 1259 2679 graviter3
1293 2614 1343 2662 id
1367 2615 1504 2665 vehe-

166 2692 349 2736 menter
361 2699 546 2735 mecum
560 2684 859 2749 querebam-3
882 2683 1146 2744 orabatque,
1161 2687 1216 2729 ut
1230 2678 1290 2729 ad
1299 2688 1352 2730 te
1362 2695 1505 2746 quam
